1658 2740
656 105 985 142 ψΟΙΝΙΣΣΑΙ

525 211 662 262 σχῆμα
688 209 844 261 φοινίου
867 207 1010 260 μάχης,

523 276 571 317 ἓιν
591 274 713 326 ’Ἄρης
737 274 827 328 τάχ’
855 275 1005 315 εἵσεται

522 342 661 383 παισὶν
684 343 853 383 Οἰδίπου
877 340 1012 394 φέρων

522 411 701 460 πημονὰν
726 407 929 460 Ἐρινύων.
1424 422 1483 452 255

515 474 663 528 ’Ἄργος
688 474 717 516 ὦ
743 475 1014 528 Πελασγικόν,

520 543 702 593 δειμαίνω
726 543 799 582 τᾶν
824 543 900 582 σὰν
926 540 1064 587 ἀλκάν,

388 608 450 649 καὶ
473 607 518 649 τὸ
542 609 691 649 θεόθεν·
729 608 773 648 οὐ
797 610 871 661 γὰρ
896 607 1030 648 ἄδικον

386 677 440 718 εἷς
465 676 599 728 ἀγῶνα
622 675 725 716 τόνδ’
753 675 922 717 ἔνοπλος
947 675 1047 731 ὁρμᾷ
1070 671 1193 727 [παῖς]

519 741 561 784 ὃς
585 742 817 796 μετέρχεται
843 742 998 793 δόμους.
1421 746 1482 777 260

150 815 323 846 ΠΟΛΥΝ
334 815 416 846 ΕῙΚ
429 816 493 846 ΗΣ

249 885 298 923 τὰ
322 884 395 934 μὲν
420 886 611 932 πυλωρῶν
638 882 787 940 κλῇθρά
811 883 851 934 μ’
878 882 1106 934 εἰσεδέξατο

250 949 298 990 δι’
325 950 525 991 εὐπετείας
550 949 715 1003 τειχέων
741 950 821 990 ἔσω
845 954 998 1001 μολεῖν.

249 1015 269 1056 ὃ
296 1017 358 1057 καὶ
382 1016 537 1057 δέδοικα
559 1015 612 1068 μή
637 1033 685 1068 με
710 1017 873 1057 δικτύων
898 1017 978 1057 ἔσω

248 1083 445 1134 λαβόντες
470 1083 538 1123 οὐκ
564 1083 740 1136 ἐκφρῶσ’
765 1083 1005 1133 ἀναίμακτον
1029 1083 1142 1135 χρόα.

249 1151 303 1190 ὧν
328 1149 454 1190 οὕνεκ’
479 1151 584 1201 ὄμμα
609 1155 793 1206 πανταχῇ
817 1148 1017 1190 διοιστέον
1419 1154 1478 1193 265

249 1217 407 1257 κάκεῖσε
433 1216 495 1256 καὶ
520 1216 564 1256 τὸ
590 1219 715 1269 δεῦρο,
741 1216 792 1267 μὴ
818 1216 933 1258 δόλος
958 1232 1016 1258 τις
1040 1214 1078 1272 ᾗ.

248 1282 500 1334 ὡπλισμένος
526 1285 567 1324 δὲ
592 1286 707 1337 χεῖρα
730 1285 828 1338 τῷδε
853 1282 1051 1338 φασγάνῳ

247 1351 295 1390 τὰ
319 1349 428 1390 πίστ’
453 1350 603 1404 ἐμαυτῷ
628 1353 696 1390 τοῦ
720 1348 891 1401 θράσους
915 1348 1144 1402 παρέξομαι.

315 1415 386 1467 ὠή,
413 1417 470 1459 τίς
496 1416 627 1464 οὗτος;
664 1413 688 1466 ἢ
715 1416 859 1457 κτύπον
884 1416 1139 1469 φοβούμεθα;

245 1481 399 1524 ἅπαντα
424 1485 499 1536 γὰρ
523 1486 702 1535 τολμῶσι
728 1484 836 1524 δεινὰ
862 1483 1058 1535 φαίνεται,
1413 1496 1475 1525 270

246 1551 341 1590 ὅταν
365 1549 414 1590 δι’
440 1551 584 1604 ἐχθρᾶς
602 1549 698 1592 ποὺς
721 1550 935 1601 ἀμείβηται
958 1550 1115 1602 χθονός,

247 1615 416 1658 πέποιθα
439 1616 574 1668 μέντοι
597 1618 727 1669 μητρί,
755 1616 822 1657 κού
847 1615 1002 1657 πέποιθ’
1027 1615 1120 1668 ἅμα,

244 1682 330 1733 ἥτις
352 1682 392 1734 μ’
419 1683 556 1725 ἔπεισε
581 1683 681 1735 δεῦρ’
707 1683 960 1724 ὑπόσπονδον
984 1686 1136 1733 μολεῖν.

245 1748 337 1789 ἀλλ’
362 1749 479 1802 ἐγγὺς
503 1748 618 1800 ἀλκή·
654 1750 801 1801 βώμιοι
825 1751 900 1802 γὰρ
926 1748 1095 1803 ἐσχάραι

245 1815 371 1857 πέλας
395 1815 568 1868 πάρεισι,
597 1815 687 1856 κούκ
713 1816 836 1868 ἔρημα
860 1816 1032 1867 δώματα.
1410 1827 1470 1857 275

246 1881 335 1934 φέρ’
362 1883 401 1923 ἐς
427 1883 633 1923 σκοτεινὰς
659 1884 878 1934 περιβολὰς
901 1885 1007 1933 μεθῶ
1034 1881 1149 1934 ξίφος

187 1982 249 2012 252
275 1975 361 2013 σῆμα
378 1973 582 2004 Heimsoeth
597 1983 615 2004 e
629 1978 652 2007 Σ
668 1973 700 2003 Μ
714 1972 897 2012 (σύμβολον
909 1972 1032 2014 μάχης)
1080 1973 1190 2014 φονίου
1209 1973 1241 2003 Μ
1310 1983 1372 2012 253
1391 1974 1470 2004 εἵσε-

143 2031 196 2048 ται
213 2017 309 2047 codd.
329 2022 362 2047 et
379 2021 402 2050 Σ
419 2028 426 2047 :
450 2019 572 2049 οἴσεται
591 2016 769 2056 Byzantini
787 2027 830 2046 ex
848 2021 871 2049 Σ
888 2016 975 2047 male
994 2017 1166 2047 intellecto
1326 2026 1386 2055 257
1413 2017 1472 2047 τὰν

144 2059 219 2101 σὰν]
239 2074 288 2101 γρ.
300 2061 343 2092 τὰ
357 2063 418 2092 σᾶν
430 2059 462 2090 Μ
575 2070 640 2100 259
657 2060 790 2092 ἔνοπλος
802 2060 834 2090 M
852 2060 903 2090 B.
896 2071 903 2077 ·
921 2060 1056 2092 ἔνοπλον
1069 2060 1140 2090 AV
1154 2061 1179 2090 L
1195 2060 1220 2089 P
1232 2073 1282 2101 γρ.
1298 2059 1316 2089 b
1399 2062 1470 2091 παῖς

143 2103 269 2134 delevit
284 2104 396 2143 King:
421 2106 523 2145 ὁρμῶν
535 2106 607 2136 παῖς
626 2103 785 2142 Hartung
796 2102 933 2133 deleto
922 2114 976 2136 os:
997 2103 1096 2134 lectio
1111 2103 1213 2133 dubia
1316 2104 1380 2133 262
1397 2105 1470 2134 εἵσω

143 2147 242 2178 codd.
346 2148 409 2185 263
433 2147 476 2186 μή
492 2146 548 2187 με]
559 2147 639 2186 μήτε
655 2147 699 2182 Μ,
713 2156 879 2186 suplascr.
895 2159 946 2188 γρ
963 2147 1006 2186 μή
1023 2160 1063 2186 με
1169 2148 1232 2184 264
1257 2148 1313 2178 οὐκ
1331 2146 1469 2187 ἐκφρῶσ’

143 2190 259 2230 Bergk
276 2200 294 2220 e
313 2194 356 2223 Σ
350 2191 383 2229 ἡ
399 2189 459 2227 μὲν
473 2193 581 2231 ’γραφη
600 2192 667 2222 οὐκ
692 2192 898 2264 ἐκφρῶσιν,
920 2191 948 2221 οἱ
968 2189 1022 2222 οὗν
1040 2190 1204 2231 ὑποκριταὶ
1227 2191 1277 2222 διὰ
1299 2191 1336 2221 τὸ
1359 2188 1469 2221 δυσέκ-

141 2240 240 2275 φορον
255 2234 521 2273 μεταπλάττουσι
537 2234 598 2271 τὴν
614 2233 779 2274 λέξιν..
800 2234 850 2265 καὶ
867 2233 1035 2274 Φιλόξενος
1057 2236 1092 2265 ἐν
1111 2237 1156 2274 τῷ
1175 2235 1243 2275 περὶ
1265 2232 1470 2273 μονοσυλλά-

142 2280 209 2313 βων
224 2276 374 2319 ῥημάτων
390 2276 512 2315 ταύτην
534 2278 595 2315 τὴν
619 2279 737 2317 χρῆσιν
762 2276 890 2317 φέρει)·
884 2301 890 2307 .
915 2278 950 2308 οὐ
966 2275 1086 2317 μεθῶσ’
1104 2276 1163 2306 M·
1156 2300 1163 2307 .
1187 2278 1222 2308 οὐ
1239 2280 1377 2316 μεθῶσιν
1394 2276 1466 2307 rell.

141 2321 202 2360 267
227 2320 416 2361 τῷδετῷν
504 2321 568 2360 269
590 2319 941 2358 ἢνΕΡῑῆΜΒΣ;
968 2320 1080 2352 om.A
1171 2330 1230 2359 271
1251 2320 1469 2362 ἔχθραςνΡῑ

141 2364 258 2406 ἔχθρᾶς
273 2363 305 2394 Α
322 2364 400 2405 (sic)
490 2365 555 2403 276
579 2366 611 2397 ἐς
623 2363 677 2394 hic
692 2363 764 2394 AV
778 2363 806 2393 B

1293 2407 1331 2438 6*
