1658 2740
669 124 894 162 ΒΑΚΧΑΙ

219 233 270 284 τῷ
300 230 457 283 Βακχίῳ
484 230 558 281 γὰρ
584 232 636 283 τῷ
667 228 763 270 Διὸς
788 227 1033 269 δουλευτέον.

220 296 396 338 Πενθεὺς
422 295 454 335 δ’
480 296 585 337 ὅπως
609 295 661 345 μὴ
689 293 832 336 πένθος
861 295 1030 334 εἰσοίσει
1055 294 1186 344 δόμοις

218 365 301 404 τοῖς
326 365 452 408 σοῖσι,
482 361 629 413 Κάδμε·
667 366 835 417 μαντικῇ
863 361 935 411 μὲν
959 360 1004 400 οὐ
1027 360 1147 412 λέγω,

218 432 301 472 τοῖς
326 428 556 481 πράγμασιν
582 427 637 468 δέ·
675 430 786 480 μῶρα
811 428 886 479 γὰρ
912 430 1041 479 μῶρος
1065 426 1189 478 λέγει.

120 548 192 586 Χο.
223 570 288 576 —-
490 543 613 584 ‘Ocrea
637 543 763 584 πότνα
789 545 902 590 θεῶν,

485 610 608 650 “Οσία
633 609 665 649 δ’
692 610 716 650 ἃ
741 611 838 649 κατὰ
863 611 938 661 γᾶν

488 675 664 729 χρυσέαν
690 674 863 728 πτέρυγα
889 674 1037 728 φέρεις,

488 742 580 783 τάδε
609 741 793 784 Πενθέως
820 742 935 789 ἀίεις;

490 811 587 851 ἀίεις
612 810 686 862 οὐχ
712 810 826 850 ὁσίαν

422 876 540 928 ὕβριν
565 877 606 917 ἐς
630 875 697 916 τὸν
724 876 904 928 Βρόμιον,
932 874 999 915 τὸν

424 942 612 993 Σεμέλας,
640 941 709 982 τὸν
733 943 837 995 παρὰ
864 946 999 982 καλλι-

422 1008 639 1061 στεφάνοις
664 1008 926 1061 εὐφροσύναις
950 1009 1031 1048 δαί-

289 1091 390 1127 μονα
414 1079 570 1128 πρῶτον
594 1074 798 1127 μακάρων;
837 1074 880 1117 ὃς
904 1074 988 1114 τάδ’
1015 1074 1111 1127 ἔχει,

489 1141 687 1182 θιασεύειν
711 1157 754 1182 τε
777 1143 912 1194 χοροῖς

486 1207 586 1259 μετά
609 1206 643 1248 τ’
670 1207 792 1249 αὐλοῦ
816 1206 989 1261 γελάσαι

422 1275 656 1315 ἀποπαῦσαί
676 1291 720 1315 τε
742 1274 945 1326 μερίμνας,

424 1342 571 1382 ὁπόταν
595 1341 764 1393 βότρυος
788 1341 885 1397 ἔλθῃ

422 1406 542 1460 γάνος
567 1408 610 1448 ἐν
635 1407 735 1448 δαιτὶ
760 1409 873 1454 θεῶν,
902 1422 986 1447 κισ-

425 1474 616 1526 σοφόροις
640 1473 673 1514 δ’
699 1474 742 1515 ἐν
767 1474 923 1515 θαλίαις
948 1473 1015 1514 ἇν-

424 1539 541 1592 ὃράσι
567 1539 710 1593 κρατὴρ
733 1541 859 1582 ὕπνον
884 1541 955 1591 ἀμ-

623 1605 821 1663 φιβάλλῃ.

289 1748 355 1753 -
492 1723 697 1776 ἀχαλίνων
722 1722 933 1774 στομάτων

488 1789 633 1840 ἀνόμου
658 1789 692 1829 τ’
717 1789 948 1842 ἀφροσύνας

490 1858 534 1895 τὸ
558 1855 674 1897 τέλος
700 1856 904 1908 δυστυχία·

490 1922 511 1961 ὁ
536 1923 577 1963 δὲ
600 1923 670 1964 τᾶς
693 1921 864 1975 ἡσυχίας

491 1988 627 2038 βίοτος
655 1988 719 2028 καὶ
743 1987 788 2028 τὸ
812 1990 974 2041 φρονεῖν

424 2054 647 2095 ἀσάλευτόν
674 2071 717 2095 τε
739 2053 849 2105 μένει
875 2055 937 2095 καὶ

424 2119 587 2173 συνέχει
611 2120 784 2171 δώματα·
821 2121 959 2173 πόρσω

1388 431 1448 472 369

1343 539 1447 595 [στρ.

1387 887 1446 919 375

1388 1210 1449 1249 380

1387 1542 1448 1583 385

1348 1718 1448 1774 [ἀντ.

1385 1999 1448 2031 390

168 2222 230 2251 372
255 2212 397 2253 χρυσέαν
421 2211 577 2242 Brunck:
603 2211 726 2253 χρύσεα
751 2212 800 2243 L:
824 2212 948 2254 χρυσέα
974 2212 1000 2242 Ρ
1175 2220 1239 2250 373
1264 2212 1305 2243 τὰ
1323 2210 1357 2243 δὲ
1383 2212 1408 2242 L
1424 2212 1450 2241 P

123 2265 185 2294 375
210 2258 241 2287 ἐς
260 2255 286 2284 Ρ
303 2267 310 2285 :
335 2257 378 2287 εἷς
396 2255 422 2284 L
535 2264 600 2294 379
625 2255 762 2287 θιεύσειν
780 2255 806 2285 Ρ
913 2257 976 2295 385
1001 2254 1170 2296 ἀμφιβάλη
1189 2254 1215 2285 L
1231 2266 1237 2285 ε
1262 2255 1341 2295 ἀμφὶ
1359 2254 1448 2293 βάλη

125 2299 172 2329 P:
196 2308 280 2329 corr.
301 2298 431 2329 Barnes
570 2308 633 2337 392
657 2299 787 2336 δώματα
808 2298 834 2328 Ρ
851 2310 858 2329 2
883 2302 968 2339 δῶμα
984 2299 1016 2328 in
1034 2308 1098 2328 ras.
1118 2299 1130 2327 l

126 2341 296 2380 Elmsley:
315 2340 417 2382 πόρρω
433 2341 496 2381 ’γὰρ
514 2340 607 2372 Stob.
626 2342 657 2371 ss.
678 2343 729 2380 58.
751 2351 770 2380 3
791 2353 796 2372 :
821 2341 930 2384 πρόσω
946 2344 1008 2383 ’γὰρ
1026 2341 1101 2374 ἀλλ’
1122 2341 1148 2371 L
1160 2341 1186 2370 P

1261 2297 1370 2338 πόρσω
1385 2299 1448 2339 γὰρ
