1658 2740
662 123 945 161 ΟΡΕΣΤΗΣ

376 227 516 269 πιστὸς
541 229 580 267 δὲ
607 228 754 279 φίλοις,
782 227 929 277 θρασὺς
955 228 1010 267 εἰς
1036 225 1173 272 ἀλκάν,
1383 240 1465 271 1405

373 292 530 344 ξυνετὸς
554 293 742 344 πολέμου,
770 293 909 344 φόνιός
934 309 974 333 τε
1001 292 1163 344 δράκων.

506 360 611 412 ἔρροι
635 363 704 401 τᾶς
727 359 881 412 ἡσύχου

505 427 689 479 προνοίας
717 428 930 477 κακοῦργος
956 425 1021 466 ὥν.

503 494 539 534 οἳ
565 495 606 534 δὲ
631 491 728 544 πρὸς
753 492 915 543 θρόνους
941 491 1020 532 ἔσω

237 559 429 609 μολόντες
454 559 498 601 ἃς
523 558 634 611 ἔγημ’
660 560 680 598 ὁ
704 556 868 607 τοξότας
893 557 1019 611 Πάρις

502 626 698 678 γυναικός,
727 627 831 675 ὄμμα
856 625 1035 676 δακρύοις
1379 637 1464 670 1410

504 691 758 744 πεφυρμένοι,
784 692 961 732 ταπεινοὶ

504 758 641 808 ἕζονθ’,
670 758 689 797 ὃ
715 761 786 809 μὲν
814 758 858 798 τὸ
885 761 1025 804 κεῖθεν,
1054 757 1074 797 ὃ
1100 759 1139 797 δὲ

237 824 282 863 τὸ
308 827 446 871 κεῖθεν,
477 825 599 866 ἄλλος
624 824 796 865 ἄλλοθεν
822 824 1109 877 πεφραγμένοι.

238 892 326 942 περὶ
352 894 393 931 δὲ
419 892 514 943 γόνυ
538 891 658 944 χέρας
685 893 854 932 ἱκεσίους
881 892 1034 942 ἔβαλον
1059 891 1211 942 ἔβαλον

566 957 733 999 Ἑλένας
758 957 890 1009 ἄμφω.
1380 970 1462 1000 1415

504 1025 579 1065 ἀνὰ
603 1026 645 1064 δὲ
669 1024 859 1075 δρομάδες
883 1023 1020 1075 ἔθορον
1045 1023 1182 1075 ἔθορον

634 1091 857 1142 ἀμφίπολοι
881 1089 1047 1142 Φρύγες·

236 1159 427 1208 προσεῖπε
453 1155 485 1196 δ’
508 1155 632 1198 ἄλλος
656 1155 782 1196 ἄλλον
808 1157 850 1197 ἐν
876 1157 995 1210 φόβῳ
1022 1156 1172 1202 πεσών,

501 1221 554 1273 μή
579 1240 637 1264 τις
662 1223 719 1273 εἵη
747 1223 876 1264 δόλος.

504 1289 659 1330 κάδόκει
683 1292 764 1331 τοῖς
787 1291 860 1340 μὲν
885 1289 943 1336 οὔ,
1378 1302 1462 1333 1420

502 1358 584 1398 τοῖς
609 1355 642 1396 δ’
667 1357 708 1397 ἐς
734 1354 984 1408 ἀρκυστάταν

501 1424 684 1475 μηχανὰν
710 1421 920 1473 ἐμπλέκειν

501 1491 621 1529 παῖδα
644 1490 716 1529 τὰν
740 1488 946 1540 Τυνδαρίδ’
970 1488 991 1528 ὁ

501 1556 778 1607 μητροφόντας
804 1554 970 1607 δράκων.

138 1622 211 1660 Χο.
239 1619 290 1660 σὺ
315 1619 347 1661 δ’
371 1618 478 1670 ἦσθα
501 1624 577 1661 ποῦ
600 1620 700 1667 τότ’,·
738 1618 761 1671 ἢ
788 1621 913 1661 πάλαι
937 1620 1098 1673 φεύγεις
1124 1620 1263 1674 φόβῳ;
1380 1632 1460 1663 1425

139 1689 211 1738 Φρ.
372 1688 558 1738 Φρυγίοις
583 1687 723 1739 ἔτυχον
750 1688 963 1739 Φρυγίοισι
987 1687 1120 1738 νόμοις

439 1755 544 1803 παρὰ
568 1753 798 1805 βόστρυχον
823 1753 944 1804 αὔραν
968 1753 1089 1805 αὔραν

437 1817 604 1860 Ἑλένας
628 1818 796 1860 Ἑλένας
820 1820 988 1872 εὐπαγεῖ

438 1884 566 1939 κύκλῳ
590 1885 758 1939 πτερίνῳ
783 1885 859 1937 πρὸ
882 1886 1069 1937 παρηίδος

337 1950 495 1992 ἀίσσων
518 1950 742 2003 βαρβάροις
767 1951 960 2002 νόμοισιν.
1378 1963 1463 1993 1430

184 2050 266 2080 1405
285 2043 399 2084 θρασὺς
413 2043 440 2074 δ’
454 2043 480 2073 Ρ
571 2044 603 2075 ἐς
620 2043 722 2081 ἀλκὴν
737 2042 763 2072 L
864 2042 948 2081 1406
966 2042 1098 2082 πολέμῳ
1112 2041 1139 2071 L
1239 2051 1320 2080 1407
1338 2040 1464 2080 ἇσύχου

141 2085 288 2115 Dindors
459 2095 542 2125 1409
580 2085 712 2126 τοξότης
747 2085 773 2116 L
789 2084 814 2115 Ρ
992 2094 1073 2123 1414
1112 2087 1224 2126 χεῖρας
1260 2084 1292 2114 Μ
1307 2083 1338 2114 Α
1353 2084 1380 2114 Β
1395 2084 1421 2114 L
1437 2084 1464 2114 Ρ

142 2138 223 2167 1415
253 2129 398 2166 ἔβαλλον
416 2129 560 2166 ἔβαλλον
576 2138 744 2168 suprascr.
763 2128 795 2158 M
946 2128 1028 2166 1418
1053 2129 1160 2159 πεσὼν
1178 2130 1211 2159 ἐν
1228 2127 1319 2167 φόβῳ
1337 2128 1435 2158 codd.
1457 2139 1463 2157 ε

138 2172 254 2203 traieci
420 2181 498 2210 1421
526 2174 557 2204 ἐς
573 2182 637 2203 om.
655 2171 687 2202 A
790 2171 994 2211 ἀρκυστάτην
1011 2170 1038 2200 Ρ
1198 2180 1280 2209 1423
1304 2170 1382 2210 τὰν]
1401 2172 1463 2208 τὴν

140 2214 254 2245 ΜΑΒ
267 2215 292 2245 L
305 2215 332 2245 P
456 2225 537 2254 1424
561 2214 787 2256 μητροφόντης
805 2214 831 2244 Ρ
957 2223 1038 2253 1425
1063 2213 1150 2254 τότ’]
1169 2213 1241 2245 πότ’
1261 2214 1415 2253 primitus
1434 2214 1461 2243 B

141 2260 223 2296 1426
259 2259 380 2299 ἔφυγον
406 2258 558 2298 primitus
588 2258 621 2288 M
744 2258 887 2299 φρυγίοις
914 2256 979 2287 LP
1131 2258 1213 2296 1428
1249 2259 1386 2297 εὐπαγεῖ
1410 2256 1463 2286 B:

139 2304 276 2342 εὐπηγεῖ
288 2301 320 2331 Μ
335 2301 367 2331 Α
379 2301 404 2331 L
418 2301 444 2331 P
459 2313 466 2332 ε
491 2303 606 2342 εὐπᾶγι
626 2300 803 2331 Hermann
950 2310 1033 2339 1430
1057 2301 1248 2342 βαρβάροισι
1267 2299 1299 2330 Μ
1312 2299 1343 2329 Α
1357 2299 1384 2329 Β
1396 2299 1422 2329 L
1436 2299 1462 2329 P

138 2344 309 2385 βαρβάροις
327 2344 486 2385 νόμοισιν]
505 2344 675 2383 glossema
692 2344 829 2374 seclusit
847 2343 1077 2374 Wilamowitz
