1658 2740
597 130 941 168 ΕΥΡΙΠΙΔΟΥ

210 237 251 276 ἐκ
278 235 449 288 Βακχίου
476 234 681 288 κατείχετ’,
709 234 787 274 οὐδ’
813 234 947 276 ἔπειθέ
973 251 1045 276 νιν.

206 304 394 352 λαβοῦσα
418 300 450 340 δ’
477 301 627 351 ὠλένης
652 301 864 353 ἀριστερὰν
889 300 1000 355 χέρα,

207 371 442 420 πλευραῖσιν
466 368 672 423 §graffium
696 371 764 408 τοῦ
789 369 1047 419 δυσδαίμονος

209 433 489 486 ἀπεσπάραξεν
515 432 633 485 ὦμον,
660 434 734 488 οὐχ
759 434 834 475 ὑπὸ
861 432 1037 481 σθένους,

208 500 300 541 ἀλλ’
326 502 346 540 ὁ
371 500 459 542 θεὸς
485 501 691 553 εὐμάρειαν
718 502 895 542 ἐπεδίδου
920 504 1066 555 χεροῖν·

207 567 294 608 Ἰνὼ
319 570 359 608 δὲ
384 568 476 608 τάπὶ
503 567 630 620 θάτερ’
656 567 914 620 ἐξειργάζετο,

207 635 384 686 ῥηγνῦσα
411 633 571 685 σάρκας,
600 633 773 684 Αὐτονόη
799 633 831 674 τ’
856 636 980 687 ὄχλος
1005 651 1046 674 τε
1073 637 1147 675 πᾶς

209 702 345 755 ἐπεῖχε
368 704 548 753 βακχῶν·
586 699 634 750 ἦν
659 703 701 742 δὲ
725 700 822 741 πᾶσ’
848 701 943 751 ὁμοῦ
966 700 1058 751 βοή,

211 766 231 807 ὃ
256 769 329 818 μὲν
355 766 554 817 στενάζων
580 767 680 807 ὅσον
705 767 889 820 ἐτύγχαν’
915 767 1105 818 ἐμπνέων,

210 834 249 874 αἳ
274 833 306 874 δ’
333 832 545 884 ἠλάλαζον.
615 834 733 886 ἔφερε
757 833 789 873 δ’
814 832 837 884 ἣ
862 836 934 885 μὲν
959 833 1123 884 ὠλένην,

209 900 233 950 ἣ
260 900 291 940 δ’
319 902 431 954 ἴχνος
455 900 588 942 αὐταῖς
614 900 822 952 ἀρβύλαις·
860 903 1079 953 γυμνοῦντο
1104 902 1146 941 δὲ

211 967 377 1020 πλευραὶ
402 971 666 1019 σπαραγμοῖς·
703 969 815 1007 πᾶσα
838 966 871 1007 δ’
895 966 1130 1023 ᾑματωμένη

207 1037 345 1088 χεῖρας
371 1035 618 1086 διεσφαίριζε
646 1033 774 1085 σάρκα
799 1033 997 1076 Πενθέως.

280 1103 402 1141 κεῖται
427 1103 468 1141 δὲ
492 1100 613 1153 χωρὶς
640 1104 767 1151 σῶμα,
795 1101 841 1141 τὸ
863 1102 936 1151 μὲν
960 1099 1259 1153 ὑπὸὲρζτύφλοις

211 1167 383 1219 πέτραις,
410 1167 453 1206 τὸ
479 1166 510 1206 δ’
535 1167 632 1217 ὕλης
658 1167 699 1207 ἐν
724 1165 936 1221 βαθυξύλῳ
963 1167 1087 1222 φόβῃ,

214 1235 257 1275 οὖ
280 1232 410 1288 ῥᾴδιον
440 1231 597 1284 ζήτημα·
637 1236 757 1285 κρᾶτα
783 1232 814 1272 δ’
839 1232 1001 1279 ἄθλιον,

213 1302 309 1353 ὅπερ
332 1303 519 1351 λαβοῦσα
542 1298 731 1353 τυγχάνει
754 1298 877 1352 μήτηρ
904 1303 1050 1353 χεροῖν,

213 1366 359 1418 πήξασ’
386 1366 445 1407 ἐπ’
472 1366 589 1418 ἄκρον
615 1366 763 1419 θύρσον
789 1366 840 1408 ὡς
866 1365 1077 1419 ὀρεστέρου

217 1433 328 1486 φέρει
351 1432 515 1474 λέοντος
539 1435 602 1473 διὰ
630 1435 872 1484 Κιθαιρῶνος
897 1432 1034 1483 μέσου,

213 1500 373 1542 λιποῦσ’
401 1501 578 1551 ἀδελφὰς
607 1501 649 1540 ἐν
673 1503 830 1552 χοροῖσι
854 1498 1067 1550 μαινάδων.

214 1571 338 1621 χωρεῖ
362 1569 403 1607 δὲ
430 1566 527 1620 θήρᾳ
551 1567 762 1620 δυσπότμῳ
788 1565 1032 1618 γαυρουμένη

215 1633 378 1687 τειχέων
404 1633 484 1673 ἔσω
509 1632 636 1684 τῶνδ’,
665 1633 921 1673 ἀνακαλοῦσα
948 1631 1122 1686 Βάκχιον

183 1699 190 1734 3
215 1702 283 1742 τὸν
309 1700 613 1753 ξυγκύναγον,
639 1699 707 1740 τὸν
734 1698 1027 1752 ξυνεργάτην
1051 1698 1208 1752 ἄγρας,

216 1768 284 1809 τὸν
312 1767 608 1813 καλλίνικον,
637 1765 666 1822 ᾧ
684 1765 829 1818 δάκρυα
857 1769 1074 1819 νικηφορεῖ.

285 1835 362 1886 ἐγὼ
386 1835 457 1884 μὲν
481 1833 549 1874 οὖν
575 1830 693 1890 (τῇδ’)
719 1833 896 1874 ἐκποδὼν
921 1839 969 1890 τῇ
993 1830 1176 1886 ξυμφορᾷ

218 1900 360 1952 ἄπειμ’,
387 1900 561 1953 Ἀγαύην
587 1900 679 1953 πρὶν
702 1903 842 1952 μολεῖν
869 1899 965 1951 πρὸς
991 1899 1161 1951 δώματα.

217 1973 261 2009 τὸ
287 1971 512 2021 σωφρονεῖν
538 1970 580 2009 δὲ
606 1968 668 2008 καὶ
695 1966 836 2018 σέβειν
862 1967 909 2006 τὰ
932 1970 1010 2007 τῶν
1035 1969 1135 2006 θεῶν

166 2072 246 2101 1124
270 2062 428 2101 βακχείου
446 2060 471 2090 Ρ
563 2070 644 2100 1125
669 2059 791 2098 ὠλένης
810 2059 1010 2090 Kirchhoff:
1035 2058 1166 2090 ὠλέναις
1186 2056 1212 2087 Ρ

1345 316 1428 347 ¹1²5

1347 648 1430 679 1¹30

1350 979 1431 1012 1135

1350 1311 1436 1344 1140

1355 1642 1438 1676 1¹45

1359 1976 1443 2007 1150

1300 2056 1442 2087 sortasse

119 2108 267 2143 λαβοῦσα
282 2107 374 2146 χεῖρα
398 2103 425 2136 δ’
449 2103 571 2141 ὠλένης
593 2104 763 2145 ἀριστερὰν
783 2102 836 2133 vel
860 2102 935 2135 ἀλλ’
961 2103 1083 2139 ὠλένης
1102 2103 1251 2139 λαβουσα
1272 2099 1354 2141 χεῖρ’
1379 2100 1443 2140 ἀρι-

119 2151 237 2191 στερὰν
330 2158 410 2187 1132
437 2146 599 2186 στενάζων
613 2147 797 2178 Musurus:
823 2145 1010 2187 στυγνάζων
1029 2145 1054 2176 Ρ
1159 2144 1321 2184 ἐτινγχανε
1334 2141 1442 2174 πλέων

121 2193 146 2223 Ρ
179 2192 295 2234 (πνέων
321 2192 384 2232 p):
424 2201 507 2222 corr.
541 2190 668 2221 Reiske
892 2199 925 2220 ιι
932 2199 973 2228 33
999 2189 1092 2230 ἔφερε
1123 2188 1273 2227 Duport:
1310 2185 1442 2227 ἀνέφερε

120 2237 145 2267 Ρ
234 2235 357 2274 ὠλένην
374 2235 554 2265 Musarus:
580 2234 695 2272 ε’λένην
713 2233 738 2264 Ρ
831 2234 912 2272 1136
936 2230 1113 2273 διεσφέριζε
1132 2230 1157 2261 Ρ
1258 2239 1339 2268 1137
1366 2241 1443 2261 στυ-

118 2282 212 2319 φλοῖς
242 2280 320 2320 (sic)
351 2279 502 2309 Barnes:
528 2279 663 2318 τυφλοῖς
690 2276 715 2306 Ρ

122 2322 147 2352 Ρ

120 2366 164 2395 Ρ;
190 2366 271 2395 nihil
288 2367 328 2396 ad
346 2375 415 2396 rem
437 2365 515 2396 Chr.
536 2364 605 2395 Pat
630 2374 731 2403 1300:
755 2364 774 2402 ἡ
798 2363 912 2394 Heath

879 2277 959 2314 1138
984 2275 1071 2317 φόβη
1094 2280 1141 2315 p:
1167 2274 1286 2315 φόβους
1314 2276 1349 2303 ut
1376 2272 1444 2352 νίἀῆ

295 2332 373 2361 1141
400 2320 517 2362 π-ηξασ’
534 2320 750 2360 Stephanus:
774 2319 910 2360 πτήξασ’
930 2319 955 2349 Ρ
1101 2328 1181 2356 1147
1208 2321 1230 2357 ᾡ
1248 2316 1396 2347 Reiske:

122 2409 247 2440 Reiske

1137 2349 1219 2400 1148:
1242 2358 1312 2402 τῇδ’
1331 2358 1442 2398 suppl
