1622 2740
695 116 901 152 EAENH

239 219 361 268 ὄνομα
386 220 427 258 δὲ
453 218 584 271 χώρας
610 220 692 268 ἥτις
717 219 784 268 ἥδε
812 220 873 258 καὶ
899 220 999 259 λεὼς

238 283 305 322 οὐκ
331 284 429 323 οἶδα·
467 286 593 337 ὄχλον
619 286 693 336 γὰρ
719 285 910 324 ἐσπεσεῖν
934 284 1168 339 ᾐσχυνόμην
1402 297 1465 329 415

238 350 335 389 ὥσθ’
362 352 585 402 ἱστορῆσαι,
611 352 680 392 τὰς
705 352 799 401 ε’μὰς
824 352 1084 403 δυσχλαινίας

239 417 416 468 κρύπτων
442 416 505 456 ὑπ’
531 418 659 458 αἰδοῦς
684 419 752 467 τῆς
777 417 910 469 τύχης.
981 418 1076 458 ὅταν
1102 417 1135 456 δ’
1161 417 1258 468 ἀνὴρ

238 481 364 539 πράξῃ
392 487 516 525 κακῶς
540 483 710 535 ὑψηλός,
737 484 792 525 εἰς
818 484 958 534 ἀηθίαν

238 550 373 590 πίπτει
399 550 516 590 κακίω
541 553 609 590 τοῦ
634 549 758 590 πάλαι
783 551 1056 601 δυσδαίμονος.

239 618 353 669 χρεία
379 618 421 658 δὲ
445 617 563 668 τείρει
586 616 639 667 μ’·
676 617 765 658 οὔτε
789 618 866 670 γὰρ
889 621 1000 659 σῖτος
1024 617 1130 669 πάρα
1402 631 1469 660 420

237 682 318 722 οὔτ’
342 683 445 735 ἀμφὶ
470 682 589 736 χρῶτ’
617 684 794 734 ἐσθῆτες’
829 683 927 724 αὐτὰ
952 684 984 723 δ’
1011 683 1166 724 εἰκάσαι

238 748 406 801 πάρεστι
431 749 522 792 ναὸς
548 750 734 801 ἐκβόλοις
758 751 783 791 ἃ
807 751 1074 804 ἀμπίσχομαι.

239 815 413 858 πέπλους
438 818 479 857 δὲ
503 816 592 858 τοὺς
617 817 708 868 πρὶν
731 816 895 869 λαμπρά
921 817 955 858 τ’
983 815 1276 869 ἀμφιβλήματα

237 882 377 935 χλιδάς
403 900 444 923 τε
470 884 613 925 πόντος
638 883 797 934 ἥρπασ’·
837 885 878 924 ἐν
904 883 935 921 δ’
962 883 1103 935 ἄντρου
1125 887 1264 935 μυχοῖς

239 949 391 1000 κρύψας
417 953 580 1000 γυναῖκα
603 949 674 999 τὴν
699 954 826 990 κακῶν
851 950 1009 990 πάντων
1035 949 1120 1000 ἐμοὶ
1403 963 1466 992 425

237 1013 416 1065 ἄρξασαν
441 1015 520 1065 ἥκω
546 1015 636 1056 τούς
661 1032 702 1055 τε
728 1016 1098 1067 περιλελειμμένους

238 1081 369 1132 φίλων
396 1080 625 1133 φυλάσσειν
649 1081 737 1132 τᾶμ’
763 1081 991 1134 ἀναγκάσας
1014 1081 1130 1134 λέχη.

236 1147 355 1198 μόνος
381 1149 422 1188 δὲ
446 1151 588 1194 νοστῶ,
616 1150 697 1189 τοῖς
723 1149 805 1188 ἐκεῖ
827 1148 949 1198 ζητῶν
975 1148 1110 1200 φίλοις

236 1214 285 1252 τὰ
310 1213 505 1265 πρόσφορ’
531 1213 579 1265 ἥν
603 1230 685 1256 πως
710 1213 970 1266 ἐξερευνήσας
995 1214 1127 1265 λάβω.

237 1279 330 1320 ἰδὼν
355 1281 396 1320 δὲ
421 1283 530 1330 δῶμα
553 1282 764 1333 περιφερὲς
789 1283 961 1333 θριγκοῖς
985 1281 1076 1321 τόδε
1399 1293 1465 1323 430

238 1346 366 1388 πύλας
392 1363 434 1386 τε
460 1348 609 1398 σεμνὰς
634 1346 773 1398 ἀνδρὸς
798 1347 942 1398 ὀλβίου
966 1347 1084 1393 τινός,

237 1414 484 1464 προσῆλθον·
522 1412 637 1455 ἐλπὶς
662 1412 694 1453 δ’
721 1413 763 1453 ἔκ
787 1430 834 1466 γε
858 1415 1063 1454 πλουσίων
1087 1413 1219 1464 δόμων

238 1482 382 1529 λαβεῖν
407 1496 443 1519 τι
468 1479 639 1521 ναύταις·
677 1480 720 1520 ἐκ
746 1481 787 1520 δὲ
811 1479 863 1531 μὴ
890 1481 1066 1534 ἐχόντων
1088 1480 1242 1532 βίον-

238 1544 318 1585 οὐδ’
344 1546 376 1585 εἰ
402 1545 570 1592 θέλοιεν,
599 1545 774 1598 ὠφελεῖν
799 1546 931 1599 ἔχοιεν
957 1546 1017 1587 ἄν.

305 1610 373 1661 ὠή·
411 1613 469 1653 τίς
494 1611 542 1652 ἂν
567 1612 750 1665 πυλωρὸς
775 1614 818 1653 ἐκ
844 1613 974 1664 δόμων
997 1613 1128 1665 μόλοι,
1402 1624 1464 1655 435

237 1678 348 1720 ὅστις
373 1679 611 1731 διαγγείλειε
635 1678 723 1731 τᾶμ’
749 1679 829 1720 ἔσω
856 1679 973 1727 κακά,·

139 1756 291 1787 ΓΡΑΥΣ

237 1825 295 1866 τίς
320 1824 416 1876 πρὸς
439 1826 648 1873 πύλαισιν;
689 1827 757 1867 οὐκ
783 1825 996 1883 ἀπαλλάξῃ
1021 1827 1151 1877 δόμων

240 1890 302 1930 καὶ
325 1890 377 1941 μὴ
403 1891 500 1943 πρὸς
525 1893 745 1933 αὐλείοισιν
770 1893 947 1943 ἑστηκὼς
972 1893 1114 1934 πύλαις

238 1958 364 2009 ὄχλον
388 1956 569 2008 παρέξεις
594 1959 824 2005 δεσπόταις;
860 1955 884 2007 ἢ
912 1961 1084 2014 κατθανῇ

231 2021 394 2072 ’Έλλην
419 2023 616 2075 πεφυκώς,
644 2024 749 2063 οῗσιν
774 2023 842 2063 οὐκ
868 2024 1122 2075 ἐπιστροφαί.
1396 2036 1461 2066 440

181 2124 244 2153 414
269 2116 333 2146 λεὼ
360 2114 480 2146 Nauck
568 2125 630 2154 415
656 2115 724 2147 οῖδα
743 2115 768 2144 L
787 2115 813 2145 P
902 2115 967 2154 416
992 2115 1056 2146 del.
1083 2114 1232 2145 Dindorf
1315 2125 1380 2153 417
1405 2118 1463 2153 τῆς

138 2156 241 2197 τύχης
256 2157 375 2188 Arnim
392 2170 399 2188 :
422 2161 479 2190 τὰς
495 2158 598 2198 τύχας
616 2159 642 2188 L
655 2158 681 2188 P
697 2169 704 2188 z
729 2158 848 2189 maluit
867 2158 986 2189 Nauck
1009 2160 1067 2195 τῆς
1087 2160 1163 2197 ἐμῆς
1181 2168 1211 2187 v.
1233 2159 1297 2196 416
1313 2157 1462 2188 scribere

138 2210 204 2238 420
226 2200 321 2241 χρεία
346 2200 372 2232 l:
397 2204 491 2242 χεῖρα
505 2201 531 2231 Ρ
547 2206 580 2231 et
597 2201 671 2232 sine
689 2201 790 2232 dubio
810 2202 836 2232 L
940 2204 1030 2233 σῖτος
1049 2201 1232 2238 Musgrave
1248 2212 1255 2230 :
1282 2203 1358 2232 σῖτα
1376 2200 1401 2230 L
1413 2200 1439 2230 P
1455 2211 1462 2231 ε

140 2246 230 2275 σῖτον
246 2243 260 2273 l
397 2254 458 2282 421
485 2245 562 2276 αὐτὸ
581 2243 731 2275 Badham
874 2255 937 2283 422
963 2245 981 2276 ἃ
998 2245 1200 2285 ἀμπίσχομαι
1220 2243 1437 2274 Herwerden
1454 2255 1462 2274 ε

139 2286 340 2327 ἀμπίσχομαι
359 2286 385 2317 L
397 2286 424 2317 P
541 2289 606 2325 426
629 2301 666 2319 τε
685 2287 880 2318 Hermann:
905 2301 945 2328 ’γε
964 2288 989 2317 L
1005 2288 1031 2318 Ρ
1145 2297 1210 2325 430
1225 2288 1280 2318 ἷδὼ
1298 2285 1344 2317 P:
1369 2288 1425 2318 ἴδω
1439 2292 1462 2327 p

139 2338 202 2367 432
225 2343 265 2370 γε
283 2329 411 2360 Reiske
429 2342 436 2361 ε
460 2344 497 2362 τε
516 2331 542 2360 L
557 2331 583 2360 P
693 2341 756 2370 433
781 2333 809 2362 οἱ
828 2330 863 2363 δὲ
882 2332 925 2370 μὴ
947 2331 1083 2370 ἔχοντες
1100 2329 1284 2361 Wecklein
1398 2339 1460 2368 434

139 2371 300 2410 virgulam
318 2378 395 2413 post
413 2373 552 2416 ὠφελεῖν
566 2373 694 2405 habent
712 2374 738 2404 L
754 2373 780 2404 P
911 2375 976 2412 436
993 2376 1068 2406 εἵσω
1082 2373 1109 2404 L
1125 2373 1151 2404 Ρ
1275 2373 1340 2413 438
1357 2372 1460 2413 θύραις

141 2414 291 2455 Blaydes

1293 2460 1331 2479 ἦ*

1294 2481 1310 2491 -ι
