1658 2740
344 520 421 560 TA
469 520 587 560 TO‘r
636 518 968 564 ΔΡΑΜΑΤΟΣ
1019 519 1311 567 ΠΡΟΣΩΠΑ

162 630 333 671 ΧοΡοΣ
364 631 602 671 ΦὙΛΑΚΩΝ
832 633 1094 674 Omra-ms

165 711 327 751 ΕΚΤΩΡ
832 715 1106 753 ΔῙΟΜΗΔΗΣ

164 791 378 830 ΛῙΝΕΙΑΣ
831 792 1009 830 ΑΘΗΝΑ

163 871 336 909 ΔΟΛΩΝ
835 872 991 911 ΠΑΡΙΣ

164 950 389 989 ΑΓΓεΛοΣ
422 950 630 990 ΠΟῙΜΗΝ
830 950 998 991 ΡΗΣΟΤ
1031 951 1264 992 ΗΝῙΟΧΟΣ

163 1028 329 1068 Paxo:
831 1031 1009 1070 ΜΟΎΣΑ

206 1127 263 1158 Sic
282 1127 364 1159 LP:
392 1129 472 1158 item
493 1128 523 1160 O
546 1129 608 1159 nisi
631 1129 732 1171 ποίρις.
757 1130 869 1168 Ῥήσου
892 1131 1022 1171 ἡνίοχος
1044 1136 1123 1162 ante
1146 1132 1257 1169 Ῥῆσος
1279 1131 1494 1161 traiecisset:

162 1171 338 1201 confusum
367 1172 519 1202 ordinem
549 1174 645 1213 χορὸς
670 1173 832 1214 φυλάκων.
861 1174 1026 1206 ὀδυσσεύς.
1058 1174 1169 1216 ἕκτωρ.
1197 1176 1338 1215 ἄγγελος
1362 1175 1490 1213 ποιμήν.

162 1215 288 1246 αἶνεῖας.
308 1215 420 1246 δόλων.
443 1216 604 1255 διομήδης.
621 1218 727 1257 ῥῆσος.
750 1218 858 1254 ἇθηνῖἱ.
878 1218 977 1256 ῥήσου
994 1218 1134 1257 ἡνίοχος.
1153 1217 1251 1258 πάρις.
1271 1220 1376 1257 μοῦσα
1390 1217 1421 1247 V

206 1260 222 1289 ὁ
240 1259 339 1298 Χορὸς
356 1258 540 1300 προλογίζει
559 1259 633 1289 add.
651 1259 681 1290 O
772 1259 882 1301 Πάρις]
904 1260 1023 1291 melius
1041 1261 1142 1291 scribi
1157 1260 1364 1302 Ἀλέξανδρος
1378 1265 1493 1290 monet

164 1300 358 1339 XVeckleirb
377 1301 416 1333 cl.
438 1302 514 1341 627,
534 1303 597 1340 642

211 1913 369 1949 Codices
403 1915 540 1950 VLP:
580 1928 623 1952 ex
651 1918 685 1952 V
716 1919 901 1964 perierunt
932 1916 1027 1952 foliis
1059 1916 1193 1952 evolsis
1224 1929 1282 1952 vv.
1318 1923 1488 1962 112—151,

164 1962 332 2005 551—630‚
361 1963 535 2006 898-996,
566 1965 630 1998 sed
658 1977 715 2000 vv.
740 1967 903 2009 899—940
929 1964 1159 2000 resuscitavit
1189 1965 1238 1998 H.
1260 1964 1363 1998 Rabe
1390 1966 1486 2000 Mus.

164 2009 282 2042 Rhen.
309 2009 366 2053 63,
393 2019 482 2053 419:
515 2011 575 2045 ubi
606 2011 640 2045 V
666 2013 791 2047 deficit
818 2012 968 2047 adhibui
997 2011 1250 2056 apographum
1276 2010 1354 2045 eius
1381 2011 1488 2046 Pala-

162 2055 278 2089 tinum
306 2056 398 2091 inter
429 2058 632 2094 vaticanos
668 2062 712 2105 98
741 2067 775 2095 et
811 2060 1078 2104 Hauniensem,
1108 2070 1263 2104 quorum
1289 2070 1489 2094 consensus

162 2102 267 2146 signo
287 2103 349 2147 (V)
366 2112 531 2141 notatur:
563 2108 743 2143 accedunt
763 2108 794 2143 O
816 2107 887 2151 (vv,
913 2115 1024 2150 1—714
1043 2106 1264 2149 continens),
1283 2106 1489 2151 fragmenta

162 2150 409 2187 Ambrosiana
438 2154 508 2196 (vv,
548 2154 739 2199 856—884)‚
776 2155 1023 2199 fragmentum
1059 2155 1196 2189 codicis
1233 2154 1488 2199 Panopolitani

161 2208 255 2232 saec.
275 2199 327 2232 IV
340 2201 397 2235 vel
413 2201 453 2243 V,
470 2213 523 2236 vv.
541 2202 658 2246 48-90
673 2201 878 2246 continens,
895 2202 952 2238 ed.
966 2214 988 2236 a
1000 2202 1170 2237 VVilcken
1189 2202 1224 2236 in
1241 2202 1486 2246 Sitzungsber.

162 2244 196 2279 d.
214 2247 356 2282 Preuss.
375 2248 488 2283 Acad.
509 2249 543 2283 d.
558 2249 666 2284 Wiss.
691 2251 791 2293 1887,
809 2261 843 2294 p.
867 2251 933 2293 813
953 2260 1054 2295 sqq:
1083 2261 1165 2285 raro
1183 2249 1344 2285 citantur
1362 2249 1485 2284 Haun.

162 2298 197 2326 et
214 2295 429 2338 praesertim
450 2295 485 2330 in
508 2303 725 2341 argumento
749 2297 853 2332 Harl.

209 2342 399 2376 Accedunt
415 2347 450 2385 Σ,
462 2353 557 2387 quae
572 2351 708 2385 tamen,
723 2355 806 2379 curn
821 2343 981 2389 (praeter
998 2355 1183 2388 perpauca
1200 2355 1292 2389 quae
1312 2343 1341 2377 L
1357 2342 1483 2386 habet)

163 2386 198 2420 in
219 2388 251 2421 V
270 2389 346 2422 solo
366 2396 510 2424 servata
529 2391 612 2432 sint,
632 2390 752 2425 minus
770 2391 998 2426 auctoritatis
1017 2391 1166 2425 habent.
