1658 2740
635 124 983 162 ΕΥΡΙΠΙΔΟΥ

270 229 330 245 'xl

240 240 353 272 ουοεν
378 228 418 269 (τ’
444 228 722 282 ἐπωφέλησεν,
748 229 826 270 οὐδ’
852 231 872 270 ὁ
897 231 1045 272 Πύθιος
1406 244 1470 277 955

239 298 404 349 τρίποδα
430 297 597 347 καθίζων
622 300 786 349 Φοῖβος,
815 297 905 338 ἀλλ’
931 298 1151 339 ἀπώλεσεν.

139 361 226 404 [xo.
242 362 270 403 ὦ
297 363 543 405 δυστάλαινα
567 363 741 416 παρθέν’,
770 365 820 406 ὡς
844 364 1063 418 ξυνηρεφὲς

239 431 456 483 πρόσωπον
482 432 538 473 εἷς
563 433 638 484 γῆν
664 430 737 472 σὸν
761 431 934 483 βαλοῦσ’
959 430 1165 484 ἄφθογγος
1191 431 1239 478 ε’ἶ,

241 497 292 540 ὡς
318 499 373 539 εἷς
400 498 647 550 στεναγμοὺς
673 498 736 538 καὶ
761 499 878 550 γόους
903 495 1178 550 δραμουμένη.]

142 602 221 640 HA.
240 597 486 652 κατάρχομαι
513 599 751 652 στεναγμόν,
778 597 808 639 ὦ
834 600 1059 651 Πελασγία,
1367 594 1469 650 [στρ.

240 669 395 707 τιθεῖσα
418 666 561 707 λευκὸν
588 668 712 718 ὄνυχα
738 667 799 705 διὰ
824 666 1036 717 παρηίδων,
1408 669 1466 709 96ῐ

508 732 724 784 αἱματηρὸν
749 731 859 778 ἄταν,

241 800 384 841 κτύπον
410 817 452 841 τε
478 800 628 852 κρατός,
658 798 702 838 ὃν
729 797 843 852 ἔλαχ’
869 800 892 838 ἃ
919 800 1015 838 κατὰ
1041 796 1186 851 χθονὸς

307 865 497 919 νερτέρων
637 865 919 918 Περσέφασσα
943 866 1156 906 καλλίπαις
1181 863 1266 904 θεά,

376 934 535 987 ἰαχείτω
561 935 603 974 δὲ
627 935 678 985 γᾶ
705 933 933 978 Κυκλωπία,
1406 934 1469 976 965

242 1000 404 1052 σίδαρον
430 1000 495 1041 ἐπὶ
521 999 618 1052 κάρα
644 1001 800 1040 τιθεῖσα
826 1000 1022 1051 κούριμον,

573 1066 716 1118 πήματ’
742 1069 871 1108 οἴκων.

442 1135 553 1175 ἕλεος
579 1134 690 1175 ἕλεος
716 1133 772 1173 ὅδ’
799 1133 958 1186 ἔρχεται

443 1204 519 1241 τῶν
546 1199 794 1252 θανουμένων
819 1201 927 1251 ὕπερ,

309 1269 584 1320 στρατηλατᾶν
721 1266 919 1308 Ἑλλάδος
946 1265 1032 1307 ποτ’
1058 1268 1196 1308 ὄντων.
1407 1276 1472 1309 970

239 1367 396 1420 βέβακε
421 1370 495 1420 γὰρ
519 1367 712 1418 βέβακεν,
741 1367 892 1420 οἴχεται
917 1366 1067 1407 τέκνων
1370 1361 1468 1417 [ἀντ.

239 1436 428 1488 πρόπασα
453 1434 573 1486 γέννα
597 1433 785 1475 Πέλοπος
810 1435 832 1473 ὅ
857 1433 891 1473 τ’
919 1434 981 1474 ἐπὶ
1005 1433 1207 1486 μακαρίοις

509 1502 626 1552 ζῆλος
652 1501 705 1541 ὤν
730 1500 818 1541 ποτ’
844 1502 976 1543 οἴκοις·

241 1570 388 1622 φθόνος
413 1586 472 1610 νιν
501 1569 584 1609 εἷλε
610 1568 760 1614 θεόθεν,
789 1567 813 1608 ἅ
838 1585 879 1608 τε
905 1568 1100 1619 δυσμενὴς

308 1638 445 1689 φοινία
557 1637 697 1687 ψῆφος
724 1636 766 1675 ἐν
792 1636 985 1677 πολίταις.
1406 1644 1470 1676 975

375 1704 419 1744 ἰὼ
445 1703 502 1749 ἰώ,
529 1701 763 1754 πανδάκρυτ’
791 1701 1000 1754 ἐφαμέρων

182 1800 246 1839 956
270 1799 417 1840 τρίποδος
433 1797 463 1827 V
602 1805 752 1836 957-959
778 1799 811 1829 ἐν
830 1797 923 1830 ἐνίοις
941 1795 975 1829 δὲ
993 1798 1027 1829 οὐ
1045 1795 1194 1838 φέρονται
1212 1796 1241 1828 οῗ
1256 1798 1342 1837 τρεῖς
1360 1796 1469 1835 στίχοι

139 1841 235 1875 οὗτοι·
261 1846 326 1875 πῶς
344 1842 405 1884 γὰρ
422 1843 477 1873 οὐκ
495 1841 614 1880 ἔμελλε
633 1839 845 1880 στυγνάζειν;
871 1846 894 1874 Σ
985 1850 1049 1879 959
1074 1843 1113 1873 ὡς
1133 1841 1159 1872 εἶ
1175 1839 1206 1869 Μ
1299 1841 1364 1878 960
1390 1839 1468 1880 Ηλ.]

139 1889 192 1917 Χο.
221 1885 314 1916 NVeil
428 1886 612 1924 στεναγμὸν
637 1894 722 1914 rece.
742 1895 749 1914 τ
787 1887 979 1925 στεναγμῶν
1008 1884 1102 1915 codd.
1256 1885 1317 1923 961
1346 1885 1470 1914 λευκῶν

142 1929 300 1968 Hartung
430 1929 493 1968 962
518 1929 599 1960 ἅταῑε
618 1927 670 1958 M:
698 1928 778 1959 ἄταν
795 1927 844 1957 M2'·
976 1929 1040 1967 963
1064 1927 1097 1968 Ea]
1113 1927 1132 1966 ἡ
1148 1926 1174 1957 L
1188 1931 1222 1957 et
1236 1937 1404 1966 suprascr.
1421 1925 1470 1956 Μ12

138 1974 202 2012 964
226 1972 417 2013 περσέφασα
433 1972 458 2002 L
547 1970 737 2010 καλλίπαις-Ι
753 1985 804 2012 γρ.
821 1973 903 2010 καλὴ
922 1974 994 2004 παῖς
1008 1975 1043 2009 Σ,
1057 1981 1087 2003 v,
1100 1976 1299 2010 corruptus:
1327 1970 1367 2001 cf.
1383 1979 1446 2009 975
1462 1981 1469 2000 :

141 2027 200 2056 pro
219 2015 437 2058 Περσέφασσα
456 2015 544 2046 coni.
562 2014 692 2054 κλέμμα
711 2015 800 2045 Weil
819 2026 826 2046 τ
850 2014 1003 2057 νερτέρων
1021 2015 1195 2047 καλλίπαις
1212 2015 1339 2047 ἄνασσα
1352 2013 1469 2044 Heim-

139 2060 237 2091 soeth
369 2061 433 2098 965
459 2059 640 2091 κυκλωπεία
658 2059 685 2089 L
699 2059 725 2089 P
851 2060 916 2098 966
940 2059 1033 2100 κάρα]
1050 2061 1152 2099 κρᾶτα
1168 2058 1198 2087 Α
1210 2058 1237 2088 Β
1250 2058 1295 2090 L:
1323 2057 1424 2099 κράτα
1439 2057 1469 2087 V

138 2105 200 2143 967
225 2103 345 2143 πήματ’
363 2106 456 2135 οἴκων
482 2102 674 2141 Musgrave‚
698 2103 737 2135 cf.
763 2104 845 2143 978:
878 2105 943 2135 τῶν
963 2103 1112 2144 ἆτρειδᾶν
1133 2102 1263 2141 πήματα
1283 2103 1377 2133 οἴκων
1398 2101 1469 2131 sere

139 2148 236 2179 codd.
257 2148 424 2189 (ἀτρειδῶν
443 2146 469 2176 Β
485 2146 570 2177 LP:
596 2147 716 2187 πήματ’
738 2147 762 2177 L
777 2147 817 2185 Ρ)
835 2157 841 2176 :
866 2146 987 2186 πήματ’
1006 2148 1100 2178 οἴκων
1120 2149 1186 2178 τῶν
1207 2146 1359 2186 ἆτρειδῶν
1380 2155 1466 2176 rece.

139 2191 273 2229 quidam
289 2202 296 2222 τ
321 2191 372 2223 διὰ
387 2191 429 2222 τὰ
446 2191 578 2229 πήματα
594 2193 659 2222 τῶν
675 2190 844 2233 Ἀτρειδῶν
858 2190 967 2221 reddit
982 2195 1005 2223 Σ
1137 2189 1201 2228 968
1226 2189 1339 2230 ἔλεγος
1353 2188 1468 2229 ἔλεγος

141 2234 175 2265 F.
205 2235 299 2264 Marx
327 2235 432 2273 (ἔλεος
461 2236 499 2267 Σλ
645 2245 710 2274 970
743 2236 973 2275 στρατηλατᾶν
1000 2233 1097 2263 MV:
1133 2235 1368 2274 στρατηλατῶν
1393 2231 1463 2262 rell.

138 2288 200 2316 971
223 2278 365 2315 βέβακεν
376 2280 439 2319 ’γὰρ
455 2278 480 2308 L
573 2289 637 2319 973
658 2278 771 2318 ζῆλος.
786 2302 793 2308 .
811 2281 924 2310 ,οἴκοις
943 2277 1143 2315 Musgrave:
1171 2275 1348 2316 ζηλωτὸς..
1363 2300 1370 2307 .
1383 2276 1468 2307 οἶκος

140 2321 236 2351 codd.
266 2326 299 2351 et
324 2326 348 2355 Σ
505 2333 567 2361 974
601 2336 649 2355 νιν
674 2333 740 2353 orn.
765 2321 814 2352 V:
846 2321 923 2352 add.
949 2331 969 2351 v
1095 2319 1162 2351 εἷλε
1189 2329 1254 2350 om.
1284 2318 1328 2349 L:
1360 2317 1469 2348 add.l

139 2374 201 2403 975
226 2366 331 2404 φοινία
355 2366 403 2396 P:
437 2367 548 2406 φονεία
565 2365 617 2395 V:
649 2366 743 2405 φονῖα
768 2365 837 2396 rell.
1003 2365 1067 2402 976
1090 2365 1134 2395 ἰώ,
1159 2363 1181 2393 ὦ
1205 2363 1380 2399 Hartung:
1405 2361 1464 2391 sed

140 2408 238 2438 ctiam
258 2409 292 2439 ἰὼ
311 2409 344 2440 ἰώ
364 2410 536 2439 bacchium
555 2409 654 2439 efficit
