1658 2740
640 128 925 166 ΟΡΕΣΤΗΣ

218 231 378 283 ἔμφρων
404 233 569 284 δακρύει,
599 235 690 272 ποτὲ
720 235 758 272 οὲ
786 233 951 283 δεμνίων
977 233 1052 274 ἄπο

218 300 320 353 πηδᾷ
346 301 540 350 δρομαῖος,
570 303 702 341 πῶλος
728 300 778 340 ὣς
803 299 878 339 ὑπὸ
906 299 1030 351 ζυγοῦ.
1403 311 1442 343 45

283 363 393 415 ἔδοξε
419 365 451 405 δ’
471 364 611 418 ’Ἄργει
636 368 733 420 τῷδε
759 364 849 415 μήθ’
874 366 974 416 ἡμᾶς
1001 365 1175 417 στέγαις,

217 431 269 482 μὴ
297 431 386 484 πυρὶ
412 431 612 486 δέχεσθαι,
640 432 736 482 μήτε
763 436 1020 484 προσφωνεῖν
1045 449 1132 472 τινα

217 502 589 550 μητροκτονοῦντας·
630 499 739 550 κυρία
765 497 798 538 δ’
823 497 882 549 ἥδ’
906 497 1044 550 ἡμέρα,

219 565 261 605 ἐν
284 563 308 621 ᾗ
331 566 472 605 διοίσει
496 566 638 618 ψῆφον
665 564 856 618 Ἀργείων
882 565 1009 611 πόλις,

219 632 252 671 εἰ
277 630 353 684 χρὴ
380 634 512 671 θανεῖν
537 632 591 672 νὼ
617 633 792 686 λευσίμῳ
820 633 1054 684 πετρώματι.
1406 644 1448 674 50

218 694 255 749 [ἢ
283 697 495 750 φάσγανον
523 696 679 749 θήξαντ’
706 698 765 739 ἐπ’
790 698 955 751 αὐχένος
979 695 1152 749 βαλεῖι·.]

287 765 428 805 ἐλπίδα
454 767 494 805 δὲ
522 763 566 814 δή
593 764 666 805 τιν’
691 765 836 818 ἔχομεν
861 765 964 805 ὥστε
988 765 1041 816 μὴ
1068 768 1215 805 θανεῖν·

220 830 304 880 ἥκει
329 832 404 882 γὰρ
431 832 470 873 ἐς
494 833 569 883 γῆν
596 830 807 873 Μενέλεως
831 833 975 884 Τροίας
1001 831 1091 878 ἄπο,

220 896 362 947 λιμένα
387 899 427 937 δὲ
456 899 700 938 Ναυπλίειον
725 899 932 950 ἐκπληρῶν
958 897 1088 954 πλάτῃ

222 965 404 1004 ἀκταῖσιν
430 965 551 1016 ὁρμεῖ,
579 964 696 1016 δαρὸν
723 966 765 1005 ἐκ
789 966 935 1015 Τροίας
959 966 1104 1018 χρόνον
1408 976 1447 1008 55

221 1030 360 1071 ἄλαισι
386 1032 619 1084 πλαγχθείς·
658 1031 727 1081 τὴν
754 1033 794 1071 δὲ
820 1031 865 1081 δὴ
893 1032 1142 1072 πολύστονον

227 1096 409 1148 Ἑλένην,
439 1096 620 1150 φυλάξας
645 1098 776 1144 νύκτα,
803 1097 854 1149 μή
881 1114 938 1139 τις
964 1098 1121 1138 εἰσιδὼν

221 1164 306 1215 μεθ’
330 1163 479 1216 ἡμέραν
504 1165 759 1218 στείχουσαν,
789 1165 843 1205 ὧν
867 1164 930 1205 ὑπ’
956 1164 1062 1219 Ἰλίῳ

222 1233 357 1273 παῖδες
381 1233 579 1278 τεθνᾶσιν,
608 1232 647 1273 ἐς
673 1231 825 1284 πέτρων
850 1231 948 1288 ἔλθῃ
972 1230 1113 1282 βολάς,

222 1298 481 1351 προύπεμψεν
507 1300 547 1340 ἐς
576 1297 669 1349 δῶμ’
694 1297 897 1351 ἡμέτερον·
935 1298 1047 1339 ἔστιν
1074 1296 1106 1338 δ’
1133 1298 1211 1339 ἔσω
1409 1298 1450 1331 60

224 1364 405 1406 κλαίουσ’
431 1365 610 1417 ἀδελφὴν
637 1364 849 1418 συμφοράν
873 1382 914 1405 τε
941 1364 1141 1416 δωμάτων.

221 1431 306 1485 ἔχει
330 1434 371 1473 δὲ
397 1430 442 1482 δή
467 1431 539 1472 τιν’
565 1431 722 1484 ἀλγέων
747 1430 1004 1486 παραψυχήν·

220 1497 269 1548 ἢν
292 1500 370 1551 γὰρ
395 1498 477 1538 κατ’
504 1500 630 1540 οἴκους
656 1498 778 1551 ἔλιφ’,
806 1497 862 1538 ὅτ’
889 1500 928 1540 ἐς
952 1500 1100 1550 Τροίαν
1125 1497 1252 1546 ἔπλει,

223 1564 419 1617 παρθένον
445 1567 518 1622 ε’μῇ
544 1581 587 1606 τε
610 1566 725 1618 μητρὶ
751 1564 975 1617 παρέδωκεν
999 1564 1161 1617 τρέφειν

224 1631 430 1674 Μενέλαος
456 1632 617 1684 ἀγαγὼν
641 1631 856 1684 ζΕρμιόνην
881 1630 1065 1684 Σπάρτης
1089 1630 1179 1676 ἄπο,
1409 1634 1448 1672 65

221 1698 341 1754 ταύτῃ
366 1697 511 1750 γέγηθε
536 1697 794 1749 κάπιλήθεται
820 1702 959 1738 κακῶν.

290 1763 432 1815 βλέπω
456 1767 499 1805 δὲ
523 1768 657 1806 πᾶσαν
682 1767 737 1806 εἷς
762 1765 864 1811 ὁδόν,
892 1764 979 1805 πότ’
1005 1766 1157 1816 ὄψομαι

225 1830 435 1872 Μενέλαον
460 1831 606 1882 ἥκονθ’·
645 1831 696 1873 ὡς
720 1831 768 1872 τά
792 1830 829 1883 γ’
855 1831 946 1871 ἄλλ’
973 1830 1034 1871 ἐπ’
1060 1831 1250 1872 ἀσθενοῦς

222 1898 354 1950 ῥώμης
378 1897 575 1951 ὀχούμεθ’,
602 1898 651 1948 ἥν
676 1914 712 1938 τι
735 1897 786 1948 μὴ
815 1898 942 1938 κείνου
967 1896 1071 1949 πάρα

224 1967 427 2015 σωθῶμεν.
500 1964 648 2016 ἄπορον
673 1966 806 2018 χρῆμα
831 1967 1038 2017 δυστυχῶν
1063 1964 1194 2014 δόμος.
1409 1975 1451 2007 70

167 2067 207 2097 45
232 2058 291 2089 ὑπὸ
309 2057 526 2088 Her-werden
546 2067 588 2088 ex
606 2056 732 2087 Athen.
754 2067 784 2096 p.
806 2057 866 2088 108
879 2057 905 2086 B
922 2072 927 2088 :
956 2057 1016 2088 ἀπὸ
1035 2056 1128 2087 codd.
1147 2060 1181 2086 et
1198 2059 1222 2089 Σ
1310 2056 1352 2095 46
1375 2055 1451 2087 τόδε

125 2101 155 2131 Μ
174 2113 181 2132 :
206 2111 290 2132 corr.
311 2100 358 2130 Μ2
469 2101 522 2139 46,
540 2111 580 2139 47
605 2100 707 2131 verba
722 2100 796 2140 μήθ’
814 2125 820 2132 .
840 2124 846 2131 .
864 2125 872 2132 .
890 2099 1042 2140 δέχεσθαι
1062 2110 1126 2131 om.
1144 2100 1175 2130 A
1286 2110 1326 2138 47
1351 2098 1450 2139 μήτε]

122 2144 203 2185 μηδὲ
217 2144 367 2183 Elmsley
380 2144 427 2184 (et
441 2143 487 2182 A)
577 2154 615 2183 51
643 2142 770 2184 θήξαντ’
785 2143 810 2173 L
826 2148 859 2174 et
873 2148 896 2177 Σ
912 2146 1037 2181 (δυικῶς
1052 2145 1089 2176 τὸ
1103 2142 1251 2184 θήξαντᾷ
1267 2154 1273 2172 :
1299 2143 1451 2183 θήξαντος

125 2189 179 2219 M:
206 2188 361 2229 θήξαντας
381 2186 430 2217 M2
447 2186 517 2217 rell.
535 2198 541 2217 :
565 2197 595 2218 v.
616 2187 680 2218 del.
702 2187 820 2217 Nauck
953 2196 994 2226 52
1019 2186 1054 2219 δὲ
1071 2197 1135 2218 om.
1154 2186 1185 2216 A
1276 2187 1314 2224 δή
1332 2196 1395 2215 om.
1417 2184 1449 2215 M

123 2242 164 2270 53
190 2231 355 2264 Μενέλαος
374 2231 401 2261 Β
534 2231 645 2272 Τροίης
664 2230 690 2260 L
851 2241 892 2269 54
917 2231 1111 2262 Ναυπλίειον
1127 2228 1198 2259 AV
1211 2228 1271 2259 L2:
1297 2228 1452 2261 ναύπλιον

125 2276 156 2305 Μ
173 2275 199 2305 Β
213 2274 238 2305 L
251 2274 277 2305 P
409 2275 452 2314 56
476 2274 586 2306 ἄλαισι
605 2274 632 2304 Β
645 2273 670 2303 L
683 2273 708 2303 Ρ
841 2276 882 2312 58
907 2274 1022 2313 ὑφιλίῳ
1038 2272 1071 2302 Μ
1198 2282 1241 2312 59
1264 2271 1390 2313 πέτρῶν
1401 2270 1428 2301 Β
1444 2281 1451 2301 :

124 2321 248 2360 πετρῶν
273 2317 306 2347 Μ
320 2317 384 2348 LP
505 2317 591 2350 ἔλθοι
613 2316 644 2347 V
804 2318 844 2355 67
871 2319 996 2348 εἴσοδον
1015 2316 1111 2347 codd.
1131 2327 1138 2346 ε
1163 2326 1245 2347 corr.
1268 2315 1451 2354 Musgrave

124 2363 167 2402 69
191 2360 347 2402 ὦχούμεθ’
367 2360 399 2390 Μ
