1658 2740
612 125 957 164 ΕΥΡΙΠΙΔΟΥ

288 228 372 270 ἐπεὶ
396 228 429 269 δ’
455 229 839 280 ἐπιστώθησαν-εὗ
866 229 909 271 δέ
934 246 1015 272 πως
1040 230 1165 283 γέρων

216 296 393 345 ὑπῆλθεν
418 295 556 338 αὐτοὺς
580 295 813 349 Τυνδάρεως
839 303 966 354 πυκνῇ
991 298 1165 349 φρενί-

219 361 353 402 δίδωσ’
380 361 546 403 ἑλέσθαι
573 364 734 416 θυγατρὶ
760 362 1002 416 μνηστήρων
1027 364 1108 410 ἕνα,

217 429 308 468 ὅτου
334 429 449 470 πνοαὶ
476 428 639 482 φέροιεν
665 429 909 482 Ἀφροδίτης
935 432 1064 484 φίλαι.

215 493 238 544 ἢ
263 494 297 535 δ’
324 495 456 542 εἵλεθ’,
483 497 525 539 ὅς
552 503 635 550 σφε
660 496 802 549 μήποτ’
834 498 991 550 ὤφελεν
1015 501 1172 549 λαβεῖν,

216 561 438 603 Μενέλαον.
513 564 642 604 ἐλθὼν
668 563 699 605 δ’
725 566 768 605 ἐκ
799 567 967 617 Φρυγῶν
994 565 1014 604 ὁ
1038 566 1107 606 τὰς
1133 565 1222 607 θεᾶς

217 629 356 680 κρίνων
381 629 453 679 ὅδ’,
482 630 533 671 ὡς
559 630 579 669 ὁ
602 633 723 681 μῦθος
748 630 947 683 Ἀργείων
972 631 1067 684 ἔχει,

216 695 489 747 Λακεδαίμον’,
517 697 684 748 ἀνθηρὸς
708 699 780 748 μὲν
812 697 980 748 εἱμάτων
1007 702 1134 754 στολῇ

214 765 350 816 χρυσῷ
375 764 417 802 δὲ
441 763 633 815 λαμπρός,
661 762 858 818 βαρβάρῳ
886 762 1112 818 χλιδήματι,

215 829 313 880 ἐρῶν
339 829 494 880 ἐρῶσαν
519 828 632 884 ᾤχετ’
660 828 938 883 ἐξαναρπάσας

214 893 384 946 Ἑλένην
409 895 506 949 πρὸς
525 895 632 947 Ἴδης
656 896 894 948 βούσταθμ’,
927 897 1093 948 ἔκδημον
1117 898 1258 948 λαβὼν

214 961 437 1003 Μενέλαον.
509 962 530 1003 δ
554 966 596 1005 δὲ
623 963 707 1004 καθ’
731 963 897 1004 “Ελλάδ’
928 963 1143 1016 οἰστρήσας
1168 965 1296 1019 δρόμῳ

214 1029 351 1080 ὅρκους
377 1030 569 1072 παλαιοὺς
593 1029 803 1083 Τυνδάρεω
831 1031 1080 1083 μαρτύρεται,

216 1095 266 1138 ὡς
291 1095 367 1150 χρὴ
393 1099 561 1148 βοηθεῖν
586 1101 715 1138 τοῖσιν
741 1098 1005 1149 ἠδικημένοις.

280 1163 510 1204 τούντεῦθεν
536 1164 603 1204 οὖν
623 1163 826 1215 ΓΈλληνες
858 1164 1019 1219 ᾄξαντες
1045 1167 1140 1217 δορί,

214 1229 331 1283 τεύχη
358 1230 558 1281 λαβόντες
584 1231 794 1283 στενόπορ’
828 1231 995 1274 Αὐλίδος
1020 1231 1152 1284 βάθρα

214 1296 352 1347 ἥκουσι
378 1298 511 1347 τῆσδε,
540 1298 679 1338 ναυσὶν
707 1299 881 1339 ἀσπίσιν
909 1298 942 1337 θ’
968 1299 1062 1349 ὁμοῦ

215 1364 349 1405 ἵπποις
374 1380 416 1404 τε
442 1367 609 1406 πολλοῖς
637 1363 809 1416 ἅρμασίν
840 1365 872 1404 τ’
897 1364 1124 1416 ἠσκημένοι.

217 1431 312 1481 κάμὲ
339 1435 578 1482 στρατηγεῖν
603 1426 737 1472 ’Nara
762 1430 956 1472 Μενέλεω
982 1427 1129 1486 χάρινῖ

214 1498 381 1543 εἵλοντο,
411 1498 609 1550 σύγγονόν
636 1515 693 1551 γε.
767 1498 947 1550 τάξίωμα
972 1501 1013 1539 δὲ

213 1563 338 1606 ἄλλος
363 1581 420 1607 τις
446 1563 570 1617 ὤφελ’
597 1564 680 1605 ἀντ’
705 1566 798 1616 ἐμοῦ
826 1569 971 1617 λαβεῖν
995 1565 1095 1606 τόδε.

214 1630 476 1683 ἠθροισμένου
501 1633 542 1672 δὲ
570 1632 631 1671 καὶ
658 1630 904 1682 ξυνεστῶτος
931 1636 1102 1685 στρατοῦ

216 1697 355 1748 ἥμεσθ’
380 1698 528 1752 ἀπλοίᾳ
553 1698 751 1752 χρώμενοι
785 1698 867 1739 κατ’
895 1699 1056 1740 Αὐλίδα.

218 1764 384 1817 Κάλχας
409 1764 441 1805 δ’
469 1765 488 1804 ὁ
514 1764 652 1815 μάντις
679 1766 823 1820 ἀπορίᾳ
852 1765 1106 1819 κεχρημένοις

214 1832 372 1872 ἀνεῖλεν
396 1830 637 1884 Ἰφιγένειαν
662 1831 709 1883 ἣν
735 1832 886 1884 ἔσπειρ’
915 1834 992 1885 ἐγὼ

215 1897 413 1950 Ἀρτέμιδι
439 1900 555 1938 θῦσαι
579 1905 626 1956 τῇ
651 1899 732 1940 τόδ’
760 1899 924 1955 οἰκούσῃ
951 1899 1084 1946 πέδον,

218 1966 279 2006 καὶ
304 1969 430 2005 πλοῦν
455 1965 489 2006 τ’
515 1966 682 2006 ἔσεσθαι
712 1967 774 2007 καὶ
801 1968 1059 2019 κατασκαφὰς
1085 1970 1251 2019 Φρυγῶν

1402 511 1446 542 70

1402 843 1442 876 75

1402 1170 1443 1201 80

1403 1847 1444 1879 90

160 2059 203 2090 68
228 2059 356 2091 δίδωσιν
374 2057 400 2088 L
416 2057 442 2087 P
573 2060 616 2098 69
641 2058 731 2100 ὅτου]
759 2059 828 2091 ὅποι
847 2059 995 2099 Lenting
1128 2069 1169 2098 70
1193 2060 1226 2092 ὅς
1243 2066 1305 2100 σφε
1321 2058 1443 2092 Monk:

120 2104 159 2135 ὥς
175 2116 214 2144 γε
234 2102 260 2132 L
277 2102 302 2132 P
393 2104 501 2142 ὦφλεν
519 2101 566 2132 Ρ;
590 2113 673 2133 corr.
690 2108 715 2143 p
814 2113 852 2142 72
877 2103 991 2144 κρίνων
1017 2102 1120 2133 Clem.
1141 2102 1194 2133 Al.
1216 2103 1318 2134 Paed.
1335 2103 1382 2134 iii.
1400 2113 1419 2133 2
1437 2113 1444 2134 ι

117 2147 223 2187 κρίνας
246 2146 272 2176 L
288 2145 314 2176 P
411 2147 450 2177 ὡς
468 2147 483 2177 ὁ
502 2145 543 2176 L²
559 2145 584 2176 P
600 2156 607 2176 z
632 2148 670 2178 ὡς
690 2147 716 2176 L
814 2147 967 2188 Ἀργείων
984 2146 1142 2177 Clemens
1161 2158 1167 2177 ε
1192 2147 1361 2187 ἀνθρώπων
1379 2145 1405 2176 L
1420 2145 1446 2176 P

119 2200 158 2228 74
183 2189 216 2221 δὲ
234 2189 411 2220 Markland
426 2200 432 2218 ε
453 2202 489 2221 τε
508 2189 534 2219 L
547 2189 573 2219 P
693 2199 731 2229 77
756 2189 911 2228 μενέλαος
928 2190 982 2221 οὖν
999 2192 1065 2221 καθ’
1080 2196 1102 2230 p
1213 2189 1316 2231 δρόμῳ
1334 2189 1446 2220 Mark-

118 2233 195 2263 land
214 2245 221 2263 :
244 2233 330 2274 μόρῳ
349 2233 374 2263 L
391 2233 416 2262 P
432 2244 437 2263 ε
463 2232 558 2272 μόνος
575 2238 598 2272 j>
615 2244 621 2263 :
646 2233 732 2274 πόθῳ
746 2233 842 2272 Toup
933 2244 973 2272 79
989 2233 1188 2273 ἠδικημένοις
1207 2233 1248 2263 L2
1261 2233 1300 2262 Ρ2
1313 2233 1443 2274 &saltem

118 2276 262 2316 volum:
287 2277 502 2316 ἀδικουμένοις
529 2277 554 2306 L
570 2276 597 2306 P
798 2278 841 2307 80
865 2277 947 2318 δορί]
972 2278 1068 2308 ποσίν
1092 2277 1195 2308 Arist.
1221 2277 1319 2308 Rhet.
1339 2276 1382 2307 iii.
1407 2287 1441 2306 11

119 2320 160 2358 83
186 2319 321 2360 ἅρμασίν
337 2321 367 2351 τ’
386 2320 509 2351 Reiske
528 2331 535 2350 ε
561 2319 586 2352 θ’
604 2319 740 2361 ἅρμασιν
759 2320 784 2350 L
801 2320 826 2350 P
914 2322 954 2359 84
975 2320 1057 2352 κᾶτα
1071 2320 1096 2350 L
1112 2321 1137 2350 P
1152 2335 1158 2352 :
1186 2334 1194 2352 ι
1211 2321 1270 2351 sub
1286 2321 1445 2360 aadd.p:

121 2363 221 2404 κάρτα
240 2363 368 2393 Heath:
386 2366 467 2402 δῆτα
486 2363 616 2394 Nauck:
642 2364 749 2403 possis
767 2364 849 2397 κατά
865 2363 932 2406 (7⁶)
946 2387 953 2394 .
971 2387 978 2395 .
991 2388 998 2394 .
1016 2364 1178 2406 σύγγονόν
1195 2378 1241 2396 τε.

1334 2364 1377 2403 89
1396 2376 1445 2395 κε-

123 2406 289 2446 χρηιιένοις
303 2407 429 2437 Heath:
447 2407 642 2447 κεχρημένος
658 2407 682 2437 L
700 2407 725 2437 P
822 2418 863 2446 92
882 2410 1089 2449 κατασκαφὰς
1099 2413 1135 2448 p:
1155 2406 1366 2449 κατασφαγᾶς
1384 2406 1408 2437 L
1420 2406 1446 2438 P

1638 1279 1650 1317 -ἥ
1639 1243 1647 1268 κ·
1638 1219 1648 1227 »
1636 1134 1651 1206 :vn-
1651 1092 1654 1099 q
