1658 2740
614 171 898 208 ΟΡΕΣΤΗΣ

261 273 438 323 Πυλάδη,
467 274 518 314 σὺ
543 273 576 313 δ’
603 274 694 325 ἡμῖν
719 277 788 313 τοῦ
813 274 937 324 φόνου
963 279 1079 327 γενοῦ
1104 278 1297 327 βραβεύς,
1334 281 1413 320 1065

192 340 254 380 καὶ
281 341 561 381 κατθανόντοιν
586 341 628 381 εὖ
652 341 906 392 περίστειλον
932 340 1049 391 δέμας

192 405 325 458 θάψον
349 423 391 447 τε
417 407 524 463 κοινῇ
550 406 646 459 πρὸς
670 406 815 458 πατρὸς
840 407 992 458 τύμβον
1018 408 1163 460 φέρων.

192 474 254 513 καὶ
279 473 401 526 χαῖρ’·
439 473 501 514 ἐπ’
527 473 643 525 ἔργον
668 472 714 519 δ’,
743 473 793 514 ὡς
820 473 919 527 ὁρᾷς,
948 475 1173 526 πορεύομαι.

92 542 165 579 Πυ.
194 540 368 592 ἐπίσχες.
441 540 482 580 ἓν
507 542 579 591 μὲν
603 538 737 591 πρῶτά
763 556 828 579 σοι
852 539 1017 592 μομφὴν
1041 541 1133 594 ἔχω,

190 607 222 646 εἰ
250 606 318 655 ζῆν
343 623 391 657 με
415 604 575 662 χρῄζειν
601 609 674 645 σοῦ
699 606 887 647 θανόντος
911 607 1100 656 ἤλπισας.
1334 619 1414 650 ῐο70

90 674 162 723 Ορ.
189 673 229 712 τί
250 673 325 724 γὰρ
350 671 541 724 προσήκει
567 675 775 713 κατθανεῖν
802 672 840 711 σ’
866 674 960 723 ἐμοῦ
983 673 1100 724 μέτα,-

91 741 167 778 Πυ.
193 738 306 790 ἤρου;
343 739 382 778 τί
405 740 446 779 δὲ
474 739 543 789 ζῆν
570 741 644 788 σῆς
672 740 842 791 ἑταιρίας
867 738 978 791 ἄτερ;

89 806 162 857 Ορ.
190 805 257 844 οὐκ
284 805 442 848 ἔκτανες
468 805 546 855 σὴν
570 805 716 857 μητέρ’,
744 806 795 847 ὡς
823 806 900 858 ἐγὼ
926 805 1061 848 τάλας.

90 874 166 911 Πυ.
193 872 266 911 σὺν
292 873 362 912 σοί
381 890 427 924 γε
453 872 574 928 κοινῇ·
612 872 732 912 ταύτὰ
758 873 819 912 καὶ
845 872 1017 926 πάσχειν
1041 891 1089 924 με
1114 876 1182 913 δεῖ.

88 939 161 989 Ορ.
188 938 332 980 ἀπόδος
356 939 400 978 τὸ
426 943 540 990 σῶμα
566 939 695 990 πατρί,
721 939 772 990 μὴ
800 939 1025 995 σύνθνῃσκέ
1049 957 1127 990 μοι.
1334 952 1412 982 1075

191 1004 256 1044 σοὶ
280 1007 352 1055 μὲν
378 1007 452 1057 γὰρ
479 1006 566 1045 ἔστι
590 1006 720 1052 πόλις,
751 1007 837 1056 ἐμοὶ
862 1005 895 1045 δ’
922 1006 989 1045 οὐκ
1015 1005 1102 1046 ἔστι
1127 1005 1186 1056 δή,

189 1072 252 1111 καὶ
278 1074 387 1122 δῶμα
411 1071 557 1123 πατρὸς
584 1072 645 1111 καὶ
668 1071 791 1124 μέγας
817 1071 990 1112 πλούτου
1013 1071 1144 1123 λιμήν.

188 1137 324 1190 γάμων
349 1140 390 1178 δὲ
415 1141 484 1188 τῆς
507 1140 580 1188 μὲν
606 1138 833 1189 δυσπότμου
858 1138 970 1188 τῆσδ’
996 1137 1192 1190 ἐσφάλης,

187 1203 236 1253 ἥν
261 1221 327 1244 σοι
354 1203 594 1256 κατηγγύησ’
619 1205 792 1256 ἑταιρίαν
817 1203 967 1255 σέβων·

188 1270 238 1310 σὺ
263 1269 295 1310 δ’
320 1269 422 1310 ἄλλο
445 1270 611 1322 λέκτρον
637 1271 921 1321 παιδοποίησαι
946 1271 1100 1322 λαβών,
1331 1276 1413 1306 1080

188 1338 303 1387 κῆδος
328 1339 370 1377 δὲ
395 1336 538 1388 τούμὸν
563 1337 627 1377 καὶ
652 1336 725 1378 σὸν
750 1336 874 1377 οὐκέτ’
900 1337 988 1377 ἔστι
1014 1337 1073 1388 δή.
1351 1347 1355 1350 ’

254 1401 359 1449 ἀλλ’,
386 1400 416 1442 ὦ
440 1402 624 1444 ποθεινὸν
649 1402 739 1454 ὄμμ’
765 1404 919 1454 ὁμιλίας
944 1405 1050 1454 ἐμῆς,
1198 1432 1246 1459 “2

187 1468 306 1522 χαῖρ’·
343 1468 388 1509 οὐ
412 1471 487 1521 γὰρ
511 1469 604 1520 ἡμῖν
629 1469 715 1510 ἔστι
740 1473 867 1515 τοῦτο,
895 1471 964 1510 σοί
984 1487 1031 1522 γε
1047 1469 1144 1532 ffl'ffl:
1213 1482 1229 1490 ‘

187 1537 224 1576 οἳ
248 1536 323 1587 γὰρ
348 1536 534 1578 θανόντες
557 1535 770 1589 χαρμάτων
794 1536 1010 1587 τητώμεθα.

90 1604 165 1642 Πυ.
198 1600 222 1651 ἧ
247 1602 350 1642 πολὺ
374 1601 566 1654 λέλειψαι
589 1605 666 1642 τῶν
691 1604 796 1653 ἐμῶν
820 1602 1118 1653 βουλευμάτων.
1329 1608 1409 1646 1085

186 1666 278 1718 μήθ’
304 1667 399 1719 αἷμά
421 1684 496 1719 μου
521 1667 675 1719 δέξαιτο
702 1668 895 1721 κάρπιμον
920 1668 1054 1714 πέδον,

187 1733 239 1784 μὴ
266 1733 445 1786 λαμπρὸς
470 1733 597 1786 αἰθήρ,
625 1736 661 1775 εἴ
684 1734 722 1773 σ’
747 1736 826 1786 ἐγὼ
851 1735 1018 1786 προδούς
1042 1751 1138 1775 ποτε

188 1800 459 1852 ἐλευθερώσας
482 1800 624 1851 τούμὸν
649 1801 884 1851 ἀπολίποιμι
910 1800 971 1840 σέ.

190 1866 252 1907 καὶ
278 1865 593 1919 συγκατέκτανον
618 1866 705 1918 γάρ,
733 1867 801 1907 οὐκ
828 1865 1063 1918 ἀρνήσομαι,

133 1960 216 1990 1066
239 1958 454 1992 κατθανόντος
470 1958 624 1998 primitus
642 1958 669 1988 L
820 1960 900 1996 1067
923 1957 977 1998 τε]
996 1957 1030 1989 δὲ
1046 1957 1076 1987 V
1220 1959 1302 1989 1068
1325 1959 1412 1999 χαῖρ’

88 2003 122 2033 in
138 2012 254 2033 rasura
269 2012 333 2033 scr.
354 2001 404 2031 M2
493 2002 686 2043 ποριεεύομαι
703 2006 736 2032 et
753 2001 786 2031 in
803 2001 954 2039 margine
972 2014 1023 2042 γρ.
1039 2001 1209 2041 πορεύομαι
1224 2001 1251 2030 B
1266 2013 1273 2031 :
1299 2006 1411 2040 potest

55 2065 58 2068 ·
87 2045 191 2076 fuisse
207 2045 420 2086 πορθμεὺομαι
572 2046 654 2084 1069
678 2047 803 2085 πρῶτον
819 2044 846 2074 L
998 2053 1080 2082 1072
1105 2044 1186 2084 εἵρου
1204 2044 1359 2083 primitus
1377 2045 1410 2075 M

89 2089 244 2130 ἑταιρείας
262 2088 370 2120 ΠΑΒ
387 2100 395 2119 :
419 2098 505 2119 corr.
526 2087 572 2118 A2
584 2087 627 2118 132
746 2097 828 2126 1073
853 2086 930 2127 σὴν]
948 2088 988 2118 σὺ
1005 2087 1180 2117 Hermann
1198 2097 1216 2117 e
1233 2087 1305 2118 cod.
1322 2098 1388 2119 rec.
1405 2099 1412 2119 ε

53 2151 56 2155 ι
89 2133 150 2171 σὴν
167 2132 284 2162 habuit
303 2136 327 2165 Σ
345 2132 387 2163 ad
403 2142 433 2162 v.
456 2141 537 2170 1074
641 2140 723 2170 1074
740 2131 843 2162 ταύτὰ
856 2130 884 2160 Β
899 2141 905 2161 z
929 2132 1033 2162 ταῦτα
1048 2130 1120 2161 rell.
1217 2140 1298 2169 1075
1316 2132 1411 2173 πατρὶ

89 2175 184 2206 codd.
199 2179 234 2206 et
246 2181 274 2206 11
366 2176 449 2214 1076
473 2175 566 2207 ἔσται
580 2200 587 2207 .
605 2198 611 2205 .
628 2199 635 2205 .
654 2174 744 2206 ἔσται
755 2173 785 2203 V
866 2173 971 2205 οὐκέτι
985 2174 1023 2212 δὴ
1037 2172 1068 2203 Α
1159 2174 1242 2212 1078
1265 2173 1370 2214 γάμου
1383 2174 1413 2203 V

91 2228 175 2258 1079
209 2218 368 2260 ἑταιρείαν
394 2224 421 2250 Π
438 2218 471 2248 Α
497 2223 531 2248 et
558 2217 712 2257 primitus
740 2217 768 2247 B
947 2217 1026 2247 1081
1058 2215 1158 2253 -κῆδός
1185 2230 1223 2248 τε
1249 2222 1276 2248 Π
1292 2216 1324 2246 A
1341 2217 1368 2247 L
1386 2217 1413 2247 P

89 2262 181 2294 ἔσται
197 2261 228 2292 V
341 2262 422 2292 1082
447 2261 520 2301 ὔμμ’
539 2261 605 2293 nv
617 2261 662 2293 L:
688 2260 775 2300 ὄνομ’
792 2259 865 2292 rell.
954 2264 1031 2299 post
1047 2260 1079 2291 h.
1092 2270 1122 2291 v.
1143 2259 1287 2299 spatium
1313 2260 1412 2291 unius

88 2315 121 2337 v.
140 2314 280 2336 vacuum
296 2304 332 2334 in
349 2305 381 2335 A
546 2305 629 2343 1085
652 2304 735 2335 πολὺ
752 2303 863 2334 M2V:
887 2317 947 2334 που
965 2303 998 2333 Μ
1017 2303 1088 2334 rell.
1262 2304 1346 2334 1086
1368 2305 1411 2343 μὴ

90 2347 181 2388 σῶμά
203 2361 263 2387 μου
285 2347 398 2385 Jortin
422 2348 516 2387 duce,
544 2353 581 2378 ut
604 2347 752 2386 putabat,
779 2350 825 2380 Σε
849 2346 891 2377 cs.
919 2346 998 2386 Hip.
1029 2356 1107 2385 1031
1245 2347 1326 2385 1087
1349 2347 1411 2386 μὴ]

89 2391 171 2430 μήτε
187 2391 237 2421 V:
262 2400 346 2423 corr.
362 2401 383 2421 v
487 2392 576 2431 αἰθὴρ
593 2389 717 2430 πνεῦμ’,
737 2391 800 2431 ἐγὼ
818 2391 846 2421 εἰ
861 2389 954 2420 Weil
1099 2389 1181 2419 1088
1207 2390 1412 2429 ἆπολείποιμι

91 2433 205 2464 MBL

178 2494 259 2515 EUR-
278 2494 328 2516 111·
1244 2486 1282 2516 13
