1658 2740
717 148 925 184 EAENH

157 254 228 290 ΕΛ.
257 251 346 291 ἀλλ’
373 251 493 303 ιἰγνὸν
519 252 634 303 ὅρκον
659 251 730 291 σὸν
757 249 853 301 κάρα
879 250 1090 300 κατώμοσα
1117 282 1122 288 .
1157 281 1162 289 .
1194 282 1199 289 .
1422 256 1482 294 835

158 320 234 358 Με.
256 319 296 357 τί
318 316 416 373 φῄς;
455 320 680 363 θανεῖσθαι;
722 315 878 356 κοῦποτ’
904 315 1092 365 ἀλλάξεις
1116 316 1236 369 λέχη;

158 386 232 424 Ελ.
259 385 384 438 ταύτῷ
411 384 518 436 ξίφει
543 401 600 436 γε·
640 383 819 433 κείσομαι
846 386 888 424 δὲ
914 386 987 422 σοῦ
1011 381 1146 424 πέλας.

158 453 234 490 Με.
257 450 322 491 ἐπὶ
347 453 482 491 τοῖσδε
506 451 638 491 τοίνυν
664 448 794 499 δεξιᾶς
821 451 916 500 ἐμῆς
942 450 1040 501 θίγε.

157 519 232 557 Ελ.
259 517 388 569 ψαύω,
417 517 606 559 θανόντος
631 519 704 556 σοῦ
729 515 808 556 τόδ’
837 517 1041 568 ἐκλείψειν
1068 514 1182 567 φάος.

158 585 233 623 Με.
259 584 366 635 κάγὼ
392 583 593 635 στερηθεὶς
621 586 694 622 σοῦ
719 581 975 633 τελευτήσειν
1001 583 1107 633 βίον.
1421 589 1484 628 840

158 652 232 689 Ελ.
260 654 340 692 πῶς
366 650 433 689 οὖν
459 648 666 700 θανούμεθ’
693 649 798 689 ὥστε
825 649 886 689 καὶ
912 648 1029 700 δόξαν
1053 652 1218 699 λαβεΐν;

157 718 235 756 Με.
256 716 409 767 τύμβου
433 715 489 757 ’πὶ
515 716 624 770 νώτῳ
652 718 701 757 σὲ
728 717 878 756 κτανὼν
904 717 971 767 ἐμὲ
997 719 1131 756 κτενῶ.

258 786 412 835 πρῶτον
436 782 469 822 δ’
496 783 630 835 ἀγῶνα
655 782 782 836 μέγαν
809 784 1080 835 ἀγωνιούμεθα

257 849 432 901 λέκτρων
457 851 554 901 ὑπὲρ
581 853 674 890 σῶν.
753 850 773 888 ὁ
799 852 840 890 δὲ
867 849 993 889 θέλων
1022 850 1089 889 ἴτω
1115 848 1253 890 πέλας·

258 916 301 955 τὸ
325 915 502 968 Τρωικὸν
527 918 601 968 γὰρ
628 916 671 955 οὐ
700 920 953 969 καταισχυνῶ
982 914 1096 956 κλέος
1420 921 1487 960 845

259 982 338 1021 οὐδ’
362 981 527 1022 (Ελλάὶῗ
553 984 681 1022 ἐλθὼν
708 982 892 1035 λήψομαι
917 982 1043 1022 πολὺν
1068 982 1214 1034 ψόγον,

259 1050 370 1089 ὅστις
396 1048 516 1088 Θέτιν
541 1051 613 1098 μὲν
639 1047 825 1100 ἐστέρησ’
853 1047 1089 1100 Ἀχιλλέως,

257 1115 514 1165 Τελαμωνίου
540 1113 572 1154 δ’
601 1116 768 1156 Αἴαντος
795 1116 966 1155 εἰσεῖδον
992 1114 1168 1166 σφαγάς,

257 1181 326 1222 τὸν
351 1180 518 1231 Νηλέως
542 1180 575 1220 τ’
601 1180 759 1221 ἄπαιδα·
798 1182 860 1222 διὰ
886 1183 927 1222 δὲ
951 1180 1021 1231 τὴν
1044 1180 1141 1231 ἐμὴν

258 1247 326 1288 οὐκ
352 1244 510 1296 ἀξιώσω
539 1250 745 1288 κατθανεῖν
773 1247 933 1300 δάμαρτ’
961 1247 1058 1299 ἐγώ,·
1423 1252 1487 1290 850

258 1313 435 1365 μάλιστά
459 1330 518 1366 γε’
557 1314 590 1354 εἰ
616 1313 691 1366 γάρ
717 1316 820 1355 εἰσιν
847 1317 883 1355 οἱ
910 1314 990 1354 θεοὶ
1015 1315 1151 1366 σοφοί,

259 1381 438 1434 εὔψυχον
462 1379 585 1432 ἄνδρα
612 1382 814 1432 πολεμίων
840 1380 996 1421 θανόνθ’
1022 1381 1097 1421 ὕπο

259 1446 387 1503 κούφῃ
415 1447 764 1501 καταμπίσχουσιν
791 1448 833 1488 ἐν
857 1447 995 1502 τύμβῳ
1021 1449 1148 1500 χθονί,

259 1513 399 1556 κακοὺς
424 1513 455 1555 δ’
480 1513 546 1566 ἐφ’
572 1514 672 1566 ἕρμα
700 1513 862 1566 στερεὸν
890 1513 1138 1565 ἐκβάλλουσι
1162 1516 1246 1566 γῆς.

159 1583 230 1620 Χο.
257 1579 286 1622 ὦ
313 1581 408 1628 θεοί,
435 1579 613 1633 γενέσθω
640 1579 686 1631 δή
712 1580 798 1621 ποτ’
827 1580 987 1634 εὐτυχὲς
1011 1579 1125 1633 γένος
1424 1585 1485 1624 855

257 1647 302 1688 τὸ
325 1647 572 1688 Ταντάλειον
599 1647 660 1688 καὶ
687 1646 922 1700 μεταστήτω
950 1650 1089 1688 κακῶν.

161 1717 232 1753 Ελ.
259 1713 296 1754 οἲ
322 1715 400 1766 ἐγὼ
425 1714 604 1755 τάλαινα’
643 1717 712 1765 τῆς
737 1715 860 1768 τύχης
882 1715 958 1767 γὰρ
983 1712 1047 1753 ὧδ’
1072 1713 1165 1767 ἔχω.

260 1779 457 1827 Μενέλαε,
485 1780 808 1834 διαπεπράγμεθ’·
848 1780 1026 1832 ἐκβαίνει
1051 1780 1180 1831 δόμων

257 1846 280 1896 ἡ
308 1846 526 1901 θεσπιῳδὸς
551 1848 722 1898 Θεονόη·
764 1851 900 1888 κτυπεῖ
923 1847 1041 1898 δόμος

260 1909 437 1969 κλῄθρων
461 1912 672 1954 λυθέντων.
747 1913 876 1966 φεῦγ’·
916 1914 1014 1965 ἀτὰρ
1040 1914 1081 1953 τί
1102 1910 1312 1964 φευκτέον;
1425 1917 1486 1948 860

260 1980 417 2020 ἀποῦσα
441 1978 516 2031 γάρ
541 1996 587 2019 σε
614 1980 675 2020 καὶ
705 1979 872 2031 παροῦσ’
898 1978 1121 2031 ἀφιγμένον

202 2070 267 2109 836
291 2070 440 2111 ἀλλάξεις
467 2069 554 2100 LP:
587 2084 632 2102 ειν
660 2070 924 2110 suprascriptum
949 2071 982 2100 in
1013 2071 1039 2100 L
1211 2071 1275 2109 838
1298 2073 1407 2102 τοῖσδε
1438 2072 1486 2102 L:

159 2116 261 2151 τῆσδε
289 2113 314 2143 Ρ
403 2114 512 2145 τοίνυν
540 2113 686 2143 canter:
712 2116 781 2145 τοῖς
807 2117 861 2145 νῦν
889 2113 933 2143 L:
959 2115 1018 2151 τῆς
1043 2117 1096 2146 νῦν
1116 2114 1141 2144 Ρ
1288 2114 1351 2152 840
1374 2121 1486 2146 τελευ-

159 2157 273 2195 τήσειν
306 2156 505 2195 Musgrave:
545 2156 733 2194 τελευτήσω
759 2156 826 2186 LP
1057 2158 1117 2196 841
1155 2156 1243 2195 λάβη
1272 2157 1315 2189 P:
1353 2168 1437 2189 corr.
1462 2163 1487 2198 p

159 2200 223 2237 842
249 2200 360 2232 νώτοις
382 2199 598 2230 Herwerden
724 2203 825 2231 κτενῶ
846 2204 923 2238 post
949 2199 1134 2230 Heathium
1163 2200 1350 2232 Matthiae:
1377 2204 1489 2233 κτανεΐ

161 2242 226 2272 LP
365 2243 429 2281 845
446 2242 541 2275 κλέος
567 2242 741 2281 Scaliger:
765 2242 866 2283 λέχος
885 2243 946 2273 LP
1078 2245 1141 2282 849
1165 2243 1299 2282 Νηλέως
1322 2244 1353 2276 τ’
1372 2246 1488 2277 ἄπαιδα

161 2285 330 2324 Lenting:
363 2285 483 2323 θησέως
507 2300 543 2317 τε
571 2288 669 2317 παῖδα
695 2285 757 2315 LP
890 2287 950 2325 851
976 2299 1015 2327 ’γε
1035 2286 1061 2316 L
1193 2288 1257 2326 852
1282 2290 1425 2329 εὔψυχον
1452 2288 1486 2317 l:

160 2329 306 2369 ἔμψυχον
324 2328 392 2400 LPI
489 2329 551 2367 854
571 2331 769 2365 ἐκβαλλοῦσι
788 2329 813 2358 L
830 2329 872 2359 P:
900 2334 1073 2359 accentum
1093 2339 1175 2360 corr.
1197 2331 1237 2371 lp
1341 2333 1404 2370 855
1430 2337 1474 2362 Χο

160 2376 273 2401 notam
292 2382 355 2402 om.
393 2395 403 2400 ,

1318 2451 1355 2481 3*
