1658 2740
613 134 960 171 ΕΥΡΙΠΙΔΟΥ

219 240 266 278 τὰ
294 239 417 288 ζῶντα
441 240 523 278 τοῖς
549 239 738 277 θανοῦσιν
764 237 927 286 ἀποδοίη
953 235 1040 278 ποτ’
1066 235 1131 283 ἆν;

218 304 289 354 ἤδη
316 306 364 344 τὰ
387 307 455 344 τοῦ
481 305 574 344 θεοῦ
600 304 662 344 καὶ
687 305 736 344 τὰ
760 307 828 343 τοῦ
853 303 1000 355 πατρὸς
1025 303 1178 343 σκόπει·

218 371 383 423 πότερον
408 371 428 409 ὁ
454 371 602 421 δαίμων
627 370 687 424 χὼ
713 371 843 411 θανὼν
867 372 916 410 τὰ
938 373 1016 410 τῶν
1039 368 1165 410 πέλας
1381 382 1444 414 915

218 436 419 488 βούλοιντ’
445 436 493 477 ἂν
518 433 541 487 ἦ
568 437 612 477 οὐ
637 436 843 488 βούλοιντ’
870 436 917 477 ἂν
942 437 1154 476 ἀποδοῦναι
1178 434 1320 483 πάλιν;

219 507 319 544 δοκῶ
343 503 429 555 μέν.
501 502 741 556 οὔκουν-χρή
767 521 816 544 σε
841 503 1023 557 συγγόνῳ
1049 502 1174 544 πλέον

218 570 350 621 νέμειν
374 571 525 625 ματαίῳ
550 573 707 621 μᾶλλον
731 567 754 621 ἢ
779 570 941 625 χρηστῷ
964 570 1091 621 πατρί.

220 639 252 677 εἰ
278 637 310 676 δ’
336 637 437 677 οὖσα
460 636 598 687 μάντις
625 637 686 677 καὶ
711 638 759 677 τὰ
784 636 853 677 θεῖ’
879 635 1074 688 ἡγουμένη

218 703 262 743 τὸ
286 705 357 753 μὲν
383 704 532 744 δίκαιον
557 707 625 743 τοῦ
649 703 796 755 πατρὸς
820 705 1058 755 διαφθερεῖς,
1385 715 1450 746 920

218 770 268 824 τῷ
292 769 324 810 δ’
349 769 394 809 οὐ
419 771 552 823 δικαίῳ
579 770 764 823 συγγόνῳ
791 769 937 810 σώσεις
963 770 1084 818 δίκην,

220 836 389 889 αἰσχρὸν
414 837 461 875 τὰ
486 835 558 886 μέν
585 853 634 876 σε
661 838 746 876 θεῖα
771 835 885 876 πάντ’
912 832 1112 884 ἐξειδέναι,

218 901 266 942 τά
289 901 322 942 τ’
348 904 442 943 ὄντα
467 902 530 942 καὶ
555 901 771 952 μέλλοντα,
798 903 846 941 τὰ
871 904 912 942 δὲ
938 902 1065 942 δίκαια
1089 899 1155 951 μή.

218 967 289 1019 τήν
313 968 346 1007 τ’
373 969 514 1009 ἀθλίαν
541 968 614 1019 ἔμ’,
641 969 748 1009 οἶσιν
773 968 949 1020 ἔγκειμαι
975 971 1118 1013 κακοῖς,

218 1037 346 1086 ῥῦσαι,
373 1034 571 1088 πάρεργον
597 1038 721 1075 δοῦσα
746 1039 858 1075 τοῦτο
885 1037 954 1085 τῆς
979 1034 1112 1086 τύχης·
1385 1045 1449 1078 925

218 1101 387 1152 Ἑλένην
412 1104 486 1154 γὰρ
512 1102 637 1143 οὐδεὶς
663 1102 775 1143 ὅστις
801 1101 845 1141 οὐ
872 1104 1011 1153 στυγεῖ
1033 1103 1203 1152 βροτῶν·

220 1167 243 1218 ἢ
271 1166 454 1224 κλῄζομαι
482 1168 564 1208 καθ’
589 1167 756 1208 ‘Emaffi‘
784 1167 834 1209 ὡς
860 1166 1045 1219 προδοῦσ’
1071 1166 1165 1217 ἐμὸν

220 1236 340 1274 πόσιν
366 1238 534 1286 Φρυγῶν
559 1233 694 1289 ᾤκησα
719 1234 996 1287 πολυχρύσους
1020 1233 1174 1283 δόμους.

220 1298 268 1351 ἢν
293 1300 325 1341 δ’
349 1300 514 1341 Ἑλλάδ’
541 1301 643 1341 ἔλθω
672 1301 826 1351 κάπιβῶ
855 1299 1036 1352 Σπάρτης
1062 1296 1232 1350 <πάλιν>,

223 1367 406 1409 κλύοντες
432 1368 648 1408 εἰσιδόντες
675 1367 725 1409 ὡς
751 1366 909 1420 τέχναις
935 1369 1033 1406 θεῶν
1389 1380 1453 1411 930

222 1433 371 1481 ὤλοντ’,
400 1435 476 1486 ἐγὼ
502 1435 543 1474 δὲ
569 1434 750 1485 προδότις
776 1435 843 1474 οὐκ
868 1433 927 1484 ἄρ’
954 1433 977 1484 ἦ
1003 1435 1147 1485 φίλων,

222 1501 343 1541 πάλιν
367 1500 406 1551 μ’
431 1499 617 1550 ἀνάξουσ’
644 1502 684 1542 ἐς
709 1500 753 1540 τὸ
780 1504 944 1553 σῶφρον
970 1499 1078 1541 αὖθις
1104 1500 1162 1545 αὖ,

224 1567 447 1618 ἑδνώσομαί
469 1584 511 1607 τε
537 1566 729 1618 θυγατέρ’,
755 1566 804 1617 ἣν
830 1567 955 1609 οὐδεὶς
980 1571 1108 1619 γαμεῖ,

221 1633 291 1683 τὴν
318 1633 350 1672 δ’
377 1633 505 1673 ἐνθάδ’
532 1633 736 1673 ἐκλιποῧσ’
763 1635 950 1684 ἀλητείαν
975 1635 1116 1686 πικρὰν

223 1702 346 1740 ὄντων
372 1701 413 1740 ἐν
439 1701 559 1742 οἴκοις
583 1699 795 1753 χρημάτων
821 1700 1027 1752 ὀνήσομαι.
1390 1713 1451 1744 935

224 1768 280 1807 κεί
303 1769 375 1818 μὲν
401 1767 526 1807 θανὼν
553 1766 609 1806 ὅδ’
638 1768 679 1808 ἐν
705 1768 806 1822 πυρᾷ
833 1766 1080 1820 κατεσφάγη,

224 1833 359 1885 πρόσω
386 1833 458 1886 σφ’
485 1834 635 1874 ἀπόντα
661 1834 840 1886 δακρύοις
865 1834 913 1874 ἂν
938 1834 1114 1886 ἠγάπων·

167 1935 228 1963 913
254 1926 383 1962 ἀποδοίη
401 1925 470 1957 ποτ’
489 1927 526 1958 ἂν
545 1926 675 1956 Porson
693 1938 699 1956 :
725 1927 763 1958 ἂν
782 1927 913 1965 ἀποδοίη
931 1926 1014 1958 ποτέ
1032 1928 1056 1957 L
1070 1927 1096 1957 P
1184 1937 1249 1967 914
1272 1927 1291 1965 ἢ
1308 1927 1346 1965 δὴ
1366 1927 1391 1957 L
1405 1927 1452 1957 P:

124 1967 142 2005 ἧ
161 1970 197 2006 δὴ
214 1969 244 1999 l:
271 1979 352 1999 corr.
375 1969 502 1999 Barncs
636 1978 699 2008 915
725 1971 776 2001 καὶ
802 1973 817 2001 ὁ
836 1970 862 2000 L
995 1972 1059 2009 916
1082 1972 1102 2008 ἢ
1120 1973 1153 2002 οὐ
1173 1971 1320 2001 Canter:
1344 1971 1364 2009 ἢ
1383 1971 1409 2001 L
1426 1970 1452 2000 P

123 2022 182 2050 921
212 2013 326 2044 σώσεις
344 2012 484 2043 Bruhn:
511 2014 624 2045 δώσεις
645 2013 670 2043 L
686 2013 711 2043 P
738 2014 866 2052 (δώσεις
889 2013 983 2054 χάριν
1009 2014 1150 2044 Κοίεὶςεῖ
1285 2024 1350 2054 923
1373 2014 1451 2054 μέλ-

123 2062 235 2095 λοντα,
259 2056 300 2087 τὰ
325 2055 359 2087 δὲ
382 2057 486 2088 δίκαια
506 2058 549 2096 μή
569 2056 625 2087 W.
652 2057 692 2088 G.
717 2057 842 2087 Clark:
867 2057 922 2097 μή,
946 2058 987 2089 τὰ
1008 2057 1042 2089 δὲ
1063 2058 1166 2089 δίκαια
1182 2058 1226 2097 μὴ
1253 2057 1367 2089 εἰδέναι
1388 2057 1453 2087 LP

124 2103 200 2137 post
216 2109 279 2138 923
296 2099 448 2130 lacunam
467 2100 626 2131 indicavit
655 2100 855 2131 Hermann:
879 2101 939 2132 sed
964 2111 1084 2131 sensus
1110 2105 1159 2131 est
1185 2101 1373 2131 ‘Iustitiam
1393 2099 1454 2131 cole

122 2152 196 2181 erga
213 2141 286 2173 deos
301 2146 330 2172 et
348 2147 569 2174 mortuos-et
587 2143 726 2184 quidem,
748 2144 830 2174 dum
848 2144 983 2183 idfacis,
1006 2155 1057 2174 me
1080 2155 1174 2174 serva
1188 2143 1194 2154 ⁵
1307 2155 1370 2183 924
1397 2143 1455 2184 ἐμέ

126 2185 151 2214 L
282 2197 347 2226 929
371 2187 468 2219 πάλιν
486 2197 549 2218 om.
573 2188 598 2217 L
615 2187 660 2217 P:
685 2188 760 2218 add.
781 2198 895 2226 apogr.
916 2187 1020 2218 Paris.
1158 2198 1219 2227 931
1246 2186 1404 2229 προδότης
1426 2188 1452 2218 Ρ

123 2228 162 2266 ἧν
180 2229 206 2259 L
220 2229 267 2260 P:
292 2232 347 2261 οὐκ
367 2232 450 2269 ἤμην
475 2230 590 2262 τέκνον
610 2230 727 2267 (voluit
745 2231 879 2263 ‘rz'tcvwv‘x
900 2232 978 2262 citat
996 2231 1161 2262 Choerob.
1183 2242 1255 2262 can.
1275 2232 1304 2262 ii.
1321 2241 1353 2271 p.
1374 2233 1449 2271 882,

122 2283 143 2311 9
247 2283 310 2312 932
336 2273 373 2304 αὖ
391 2274 516 2304 canter
533 2285 540 2304 ε
564 2275 601 2306 ἂν
620 2274 683 2303 LP
793 2284 856 2312 933
882 2275 1059 2314 ἑδνώσομαί
1076 2275 1254 2306 Hermann
1281 2276 1329 2313 (et
1346 2274 1451 2305 voluit

124 2321 204 2354 puto
217 2316 392 2357 Musurus)
409 2329 415 2347 :
439 2318 597 2356 ἐδώσομαί
610 2318 635 2347 L
647 2317 673 2347 P
689 2329 695 2347 :
717 2318 923 2357 ἐκδώσομαίρ
1021 2329 1084 2357 935
1103 2318 1256 2358 ὀνήσομαι
1270 2317 1428 2349 Musurus
1444 2329 1451 2348 :

125 2359 285 2399 ὠνήσομαι
305 2361 329 2390 L
347 2361 370 2389 P
459 2362 523 2399 936
548 2359 734 2398 κατεστάλη
754 2360 877 2391 Reiske
