1622 2740
640 140 847 178 EAENII

80 245 155 284 Με.
177 244 220 283 οὔ
245 260 318 284 που
344 247 477 295 φρονῶ
501 247 573 295 μὲν
599 243 651 290 εὗ,
679 243 722 283 τὸ
747 243 780 284 δ’
805 245 909 294 ὄμμα
933 261 1008 294 μου
1033 248 1163 290 νοσεΐ;
1338 255 1397 288 575

80 312 152 350 Ελ.
179 309 223 349 οὐ
248 309 321 362 γάρ
345 327 393 361 με
417 310 605 351 λεύσσων
629 309 706 360 σὴν
731 309 895 361 δάμαρθ’
919 311 1014 362 ὁρᾶν
1039 314 1183 356 δοκεῖς;

79 379 154 416 Με.
176 376 221 416 τὸ
246 376 347 428 σῶμ’
372 378 520 428 ὅμοιον,
549 376 593 416 τὸ
619 379 661 417 δὲ
686 376 816 429 σαφές
841 376 880 427 μ’
907 378 1131 429 ἀποστερεῖ.

78 446 150 483 Ελ.
177 443 341 494 σκέψαι·
379 445 419 484 τί
441 443 616 490 σούνδεῖ;
653 444 711 485 τίς
736 446 777 483 δὲ
806 447 879 483 σοῦ
903 444 1151 496 σοφώτερος;

78 512 152 549 Με.
174 510 315 551 ἔοικας·
351 510 458 550 οὗτοι
483 511 596 550 τοῦτό
620 509 656 561 γ’
685 509 961 561 ἐξαρνήσομαι.

77 579 147 616 Ελ.
176 578 233 618 τίς
258 576 325 617 οὖν
350 576 496 627 διδάξει
521 576 561 617 σ’
587 577 710 618 ἄλλος
733 574 757 627 ἢ
782 579 830 617 τὰ
857 577 895 615 σ’
921 579 1094 627 ὄμμα-τω
1337 582 1399 619 580

76 646 151 684 Με.
176 644 258 683 ἐκεῖ
278 646 485 694 νοσοῦμεν,
512 644 573 683 ὅτι
598 643 760 695 δάμαρτ’
787 643 915 694 ἄλλην
941 644 1032 696 ἔχω.

77 712 148 750 Ελ.
175 710 244 749 οὐκ
271 709 393 759 ἦλθον
419 712 458 752 ἐς
486 712 560 763 γῆν
585 709 752 764 Τρῳάδ’,
780 711 872 751 ἀλλ’
898 712 1063 751 εἴδωλον
1089 709 1148 760 ἦν.

75 779 150 816 Με.
174 777 236 816 καὶ
259 777 316 818 τίς
341 777 548 827 βλέποντα
573 777 723 828 σώματ’
747 777 1016 830 ἐξεργάζεται,-

74 846 147 884 Ελ.
176 842 302 895 αἰθήρ,
329 844 420 884 ὅθεν
446 844 495 884 σὺ
520 844 726 893 θεοπόνητ’
751 844 856 897 ἔχεις
881 844 995 897 λέχη.

73 912 149 950 Με.
170 910 275 950 τίνος
300 910 528 952 πλάσαντος
553 914 673 957 θεῶν;
710 910 862 952 ἄελπτα
887 912 962 963 γὰρ
985 910 1130 963 λέγεις,
1336 917 1395 954 585

74 974 307 1028 Ελ.“Ήρας,
335 975 562 1029 διάλλαγμ’,
591 977 642 1019 ὡς
668 976 794 1030 Πάρις
818 995 867 1028 με
891 977 943 1028 μὴ
969 977 1105 1028 λάβοι.

74 1045 150 1083 Με.
177 1046 259 1084 πῶς
284 1042 351 1083 οὖν
375 1042 424 1083 ἂν
448 1042 577 1083 ἐνθάδ’
602 1042 707 1093 ἦσθά
731 1041 799 1095 (τ’)
827 1046 869 1084 ἐν
891 1045 1016 1096 Τροίᾳ
1043 1043 1076 1083 θ’
1102 1043 1200 1094 ἅμα,·

72 1111 146 1148 Ελ.
173 1109 345 1160 τοῦνομα
369 1108 512 1161 γένοιτ’
539 1108 587 1150 ἂν
612 1113 834 1163 πολλαχοῦ,
861 1112 905 1150 τὸ
930 1113 1045 1161 σῶμα
1071 1109 1104 1149 δ’
1130 1110 1186 1149 οὔ.

72 1177 149 1215 Με.
168 1174 285 1226 μέθες
308 1192 369 1227 με,
395 1175 522 1226 λύπης
546 1175 635 1218 ἅλις
661 1176 766 1229 ἔχων
791 1175 977 1226 ἐλήλυθα.

72 1244 144 1282 Ελ.
171 1243 330 1294 λείψεις
354 1244 430 1294 γὰρ
455 1242 568 1293 ἡμᾶς,
594 1244 644 1283 τὰ
669 1245 710 1283 δὲ
736 1242 814 1284 κέν’
840 1242 991 1293 ἐξάξεις
1015 1245 1138 1295 λέχη;
1331 1256 1394 1287 590

72 1310 148 1348 Με.
172 1308 232 1348 καὶ
257 1307 373 1361 χαῖρέ
397 1308 447 1361 γ’,
474 1308 619 1366 Ἑλένῃ
644 1300 877 1363 προσῷερὴς
902 1309 1075 1350 ὁθούνεκ’
1102 1308 1147 1349 εἶ.

71 1377 145 1414 Ελ.
172 1375 403 1426 ἀπωλόμην·
440 1375 627 1427 λαβοῦσά
654 1375 693 1416 ο·’
719 1375 793 1429 οὐχ
817 1375 891 1427 ἔξω
918 1376 1051 1417 πόσιν.

71 1443 148 1482 Με.
169 1441 301 1482 τούκεῖ
321 1459 370 1493 με
392 1441 558 1494 μέγεθος
582 1445 660 1483 τῶν
686 1443 818 1484 πόνων
843 1444 982 1489 πείθει,
1010 1442 1061 1483 σὺ
1086 1442 1119 1483 δ’
1143 1443 1201 1482 οὕ.

72 1510 143 1549 Ελ.
172 1507 209 1548 οἳ
234 1508 326 1561 ἐγώ·
363 1510 422 1550 τίς
445 1508 555 1559 ἡμῶν
581 1508 728 1561 ἐγένετ’
754 1508 991 1562 ἀθλιωτέρα;

170 1576 206 1615 οἳ
231 1575 417 1628 φίλτατοι
441 1577 632 1616 λείπουσί
651 1575 691 1627 μ’
717 1575 796 1616 οὐδ’
821 1575 1017 1629 ἀφίξομαι
1332 1587 1392 1619 595

162 1640 370 1693 “Έλληνας
396 1641 485 1682 οὐδὲ
511 1644 680 1695 πατρίδα
703 1642 775 1693 τὴν
800 1641 898 1694 ἐμήν
923 1659 1031 1684 ποτε.

69 1762 296 1793 ΑΓΓΕΛΟΣ

170 1823 367 1870 Μενέλαε,
393 1824 601 1876 μαστεύων
626 1841 674 1865 σε
701 1823 875 1877 κιγχάνω
899 1824 1015 1875 μόλις

169 1893 304 1931 πᾶσαν
328 1891 543 1941 πλανηθεὶς
568 1890 685 1941 τήνδε
708 1890 920 1942 βάρβαρον
944 1890 1083 1944 χθόνα,

168 1956 364 2009 πεμφθεὶς
390 1957 552 2009 ἑταίρων
577 1960 654 1997 τῶν
680 1956 950 2008 λελειμμένων
974 1958 1062 1997 ὕπο.

111 2061 176 2092 575
200 2055 298 2085 οὔπου
323 2051 405 2084 LP:
431 2051 451 2090 ἧ
476 2065 537 2083 που
561 2051 601 2091 lp
757 2050 820 2088 578
846 2051 974 2081 σούνδεῖ
997 2047 1148 2081 Seidler:
1175 2061 1235 2080 σου
1258 2051 1307 2080 δεῖ
1330 2049 1395 2078 LP

68 2095 102 2128 δὲ
128 2097 208 2127 Fix:
243 2096 314 2128 ἔστι
340 2095 426 2125 LP:
458 2097 498 2127 τὰ
523 2097 552 2126 (τ’
578 2094 680 2126 οὐδείς
706 2096 776 2125 ἐστι
802 2093 921 2122 Bruhn
1052 2093 1085 2123 ’τί
1109 2105 1159 2123 σοι
1185 2094 1234 2123 δεῖ
1254 2093 1394 2124 πίστεως

69 2138 294 2181 σαφεστέρας;
319 2138 473 2168 Badham
607 2139 672 2176 580
695 2139 736 2169 τὰ
753 2136 783 2168 «τ’
796 2142 821 2176 p
840 2146 954 2166 rasura
972 2140 1049 2174 post
1068 2135 1096 2167 σ”
1115 2136 1221 2166 facta:
1248 2136 1288 2166 τὰ
1306 2137 1347 2166 σὰ
1362 2136 1393 2176 γ’

68 2182 95 2212 L
115 2182 194 2223 (sic)
288 2183 348 2221 581
378 2184 480 2214 ἐκεῖνο
498 2184 556 2213 σοῦ
572 2182 632 2221 μὲν
650 2181 675 2210 L
689 2180 734 2211 P:
761 2190 845 2211 corr.
867 2179 1018 2218 Scaliger
1111 2179 1173 2217 585
1200 2179 1327 2210 ἄελπτα
1346 2178 1392 2208 L:

67 2227 210 2257 εὔελπτα
227 2225 254 2255 Ρ
341 2226 406 2264 586
423 2224 524 2266 “I-lpas
542 2224 696 2263 Scaliger
713 2236 719 2254 :
743 2224 803 2264 ἤρα
821 2223 846 2253 L
859 2223 884 2253 P
959 2222 1069 2259 λάβοι]
1089 2222 1177 2260 λάβη
1194 2222 1350 2261 primitus
1368 2221 1394 2251 P

66 2269 129 2307 587
154 2269 207 2309 ἂν]
226 2268 278 2308 ἅμ’
295 2278 486 2308 anonymus
600 2267 683 2305 ἦσθά
700 2268 730 2299 τ’
749 2267 880 2297 Barnes
897 2278 903 2297 :
927 2265 998 2304 ἧσθ’
1019 2265 1044 2295 L
1058 2265 1105 2295 P:
1131 2265 1231 2302 ἧσθας
1251 2265 1393 2295 Nauck:

66 2312 104 2342 cf.
126 2312 284 2342 Menand.
306 2312 457 2352 Discept.
477 2312 547 2349 156,
566 2311 649 2341 Her.
668 2321 707 2341 10
797 2311 861 2349 589
885 2310 988 2347 λύπης
1007 2308 1159 2348 Elmsley
1176 2320 1183 2339 τ
1208 2309 1310 2340 λύπας
1329 2308 1354 2337 L
1368 2308 1393 2337 P

66 2364 130 2394 592
155 2355 322 2395 ἂπολόμην
340 2355 367 2385 Ρ
477 2356 507 2386 (τ’
525 2354 566 2384 L2
578 2355 625 2384 P:
649 2367 687 2386 σε
707 2353 733 2383 L
879 2362 942 2391 595
967 2353 1118 2384 λείπουσί
1133 2352 1166 2393 μ’
1188 2351 1369 2391 Musgrave
1385 2362 1391 2381 :

66 2398 233 2431 λείπουσιν
253 2398 315 2429 LP
426 2408 488 2437 597
514 2397 634 2438 κιχάνω
654 2397 738 2427 LP:
763 2406 850 2428 corr.
871 2396 1032 2427 Matthiae
