1658 2740
656 106 1003 144 ΕὙῬΙΠΙΔΟΤ

265 211 391 251 πολὺν
417 210 619 263 ταραγμὸν
644 210 868 263 ἀμφιβάντ’
893 210 1004 264 εἶχον
1028 210 1171 264 μάχης.

264 277 331 317 καί
353 294 435 319 πως
461 276 610 328 νοήσας
634 276 850 327 Ἐτεοκλῆς
875 276 920 318 τὸ
946 277 1170 318 Θεσσαλὸν

265 342 465 396 ἐσήγαγεν
492 343 664 396 σόφισμ’
690 345 825 398 ὁμιλίᾳ
849 344 1008 397 χθονός.

264 409 501 462 ἐξαλλαγεὶς
526 411 601 463 γὰρ
629 414 694 450 τοῦ
718 413 972 462 παρεστῶτος
998 410 1133 456 πόνου,

263 477 378 517 λαιὸν
402 479 475 526 μὲν
500 478 540 518 ἐς
564 477 778 518 τοῦπισθεν
803 475 973 529 ἀμφέρει
998 477 1112 522 πόδα,
1408 489 1492 522 1410

264 545 403 595 πρόσω
429 545 477 583 τὰ
504 547 619 584 κοῖλα
644 542 819 596 γαστρὸς
846 542 1154 594 εὐλαβούμενος,

265 611 419 662 προβὰς
443 613 485 650 δὲ
511 614 640 650 κῶλον
664 609 793 661 δεξιὸν
819 609 868 650 δι’
893 610 1080 662 ὀμφαλοῦ

266 678 432 726 καθῆκεν
458 677 577 729 ἔγχος
603 676 850 729 σφονδύλοις
874 675 906 716 τ’
935 675 1166 728 ἐνήρμοσεν.

265 744 359 793 ὁμοῦ
383 745 424 783 δὲ
451 742 613 795 κάμψας
637 744 788 795 πλευρὰ
815 743 878 783 καὶ
903 742 1022 793 νηδὺν
1046 742 1169 784 τάλας

266 810 338 850 σὺν
364 811 593 862 αἱματηραῖς
621 809 792 862 σταγόσι
821 810 1066 859 Πολυνείκης
1091 811 1230 851 πίτνει.
1409 822 1491 853 1415

264 876 285 916 ὃ
311 876 355 923 δ’,
384 876 435 918 ὡς
462 879 613 928 κρατῶν
640 876 685 927 δὴ
712 875 774 916 καὶ
800 876 1011 926 νενικηκὼς
1035 875 1157 933 μάχῃ,

265 942 381 996 ξίφος
405 943 523 983 δικὼν
549 944 588 985 ἐς
613 946 731 995 γαῖαν
756 942 947 983 ἐσκύλευέ
971 959 1031 984 νιν

266 1010 332 1050 τὸν
359 1013 449 1050 νοῦν
474 1009 572 1062 πρὸς
597 1009 716 1051 αὑτὸν
741 1009 810 1050 οὐκ
837 1009 955 1063 ἔχων,
981 1011 1114 1051 ἐκεῖσε
1138 1008 1194 1050 δέ.

262 1076 284 1116 ὃ
310 1077 376 1117 καί
398 1094 459 1117 νιν
484 1075 649 1129 ἔσφηλ’·
687 1076 746 1117 ἔτι
769 1078 844 1129 γὰρ
871 1076 1052 1128 ἐμπνέων
1076 1075 1224 1129 βραχύ,

265 1141 403 1198 σῴζων
429 1145 593 1195 σίδηρον
618 1144 661 1183 εἰ)
685 1146 817 1198 λυγρῷ
842 1141 1054 1194 πεσήματι,
1411 1155 1494 1186 1420

262 1211 377 1261 μόλις
400 1209 485 1262 μέν,
515 1209 685 1261 ἐξέτεινε
709 1209 743 1250 δ’
768 1210 823 1252 εἷς
847 1209 951 1261 ἧπαρ
976 1209 1093 1263 ξίφος

263 1276 517 1318 Ἐτεοκλέους
543 1277 563 1315 ὁ
587 1277 738 1328 πρόσθε
765 1278 1010 1327 Πολυνείκης
1034 1276 1181 1317 πεσών.

330 1347 446 1396 γαῖαν
473 1343 505 1383 δ’
531 1342 630 1393 ὀδὰξ
651 1343 812 1385 ἑλόντες
840 1341 1030 1393 ἀλλήλων
1054 1343 1179 1385 πέλας

264 1411 474 1451 πίπτουσιν
499 1410 619 1463 ἄμφω
646 1409 715 1450 κού
741 1410 930 1462 διώρισαν
958 1410 1109 1462 κράτος.

163 1481 235 1517 XO.
262 1481 339 1530 φεῦ
365 1481 453 1530 φεῦ,
482 1480 610 1518 κακῶν
637 1480 733 1522 σῶν,
761 1477 943 1523 Οἰδίπου,
971 1476 1010 1516 σ’
1037 1478 1135 1518 ὅσον
1161 1476 1301 1519 στένω·
1410 1489 1493 1521 14²5

262 1545 331 1586 τὰς
357 1545 431 1586 σὰς
456 1543 488 1584 δ’
515 1545 610 1595 ἀρὰς
637 1543 764 1584 ἔοικεν
789 1545 986 1594 ἐκπλῆσαι
1015 1544 1115 1586 θεός.

164 1615 237 1663 Αγ.
263 1611 378 1652 ἄκουε
405 1609 450 1660 δή
476 1627 545 1651 νυν
571 1610 633 1650 καὶ
658 1612 706 1650 τὰ
732 1610 828 1662 πρὸς
853 1610 1006 1653 τούτοις
1033 1610 1142 1651 κακά.

262 1679 347 1718 ἐπεὶ
372 1677 495 1718 τέκνω
521 1676 681 1718 πεσόντ’
709 1676 916 1727 ἐλειπέτην
940 1678 1047 1728 βίον,

264 1746 306 1784 ἐν
331 1747 429 1798 τῷδε
453 1743 579 1796 μήτηρ
604 1744 627 1794 ἡ
654 1743 822 1784 τάλαινα
849 1745 1084 1795 προσπίτνει

263 1811 336 1851 σὺν
362 1810 541 1865 παρθένῳ
566 1827 608 1850 τε
634 1810 695 1850 καὶ
721 1811 916 1864 προθυμίᾳ
941 1810 1073 1852 ποδός.
1413 1823 1493 1854 1430

210 1914 289 1942 1407
316 1904 472 1935 θετταλὸν
491 1903 517 1933 Ρ
697 1912 781 1941 1410
805 1902 936 1944 ἀμφέρει
953 1903 1005 1932 V:
1030 1904 1179 1944 ἀναφέρει
1205 1901 1277 1933 rell.
1299 1906 1331 1932 et
1351 1902 1457 1934 voluit
1473 1914 1493 1934 v

161 1948 178 1978 οἱ
196 1957 296 1987 supra
319 1947 335 1978 έ
348 1947 476 1986 scripto
491 1957 496 1976 z
522 1946 562 1977 cf.
585 1956 645 1986 297
742 1956 823 1983 1412
848 1947 993 1987 προσβὰς
1011 1945 1038 1975 Β
1053 1957 1060 1976 t
1078 1955 1164 1976 corr.
1178 1945 1196 1975 b
1289 1955 1369 1984 1413
1395 1958 1492 1978 σπον-

161 1990 266 2023 δύλοις
283 1992 310 2022 δ’
329 1990 355 2020 P
476 2000 555 2029 14¹4
581 1991 702 2030 πλευρὰ
719 1989 749 2019 Α
762 1989 789 2020 Β
801 1989 832 2019 V
848 1994 882 2020 et
898 1989 1003 2020 voluit
1021 1989 1052 2019 l:
1076 1990 1215 2029 πλευρὰν
1235 1989 1266 2019 Μ
1281 1989 1307 2018 L
1323 1988 1370 2019 P:
1394 1996 1492 2021 πλευ-

159 2037 216 2075 pau
233 2033 283 2063 M2
386 2043 466 2073 1417
494 2036 524 2066 ἐς
542 2033 595 2064 hic
614 2033 644 2063 A
658 2032 684 2064 Ρ
787 2033 868 2071 1418
892 2034 991 2064 αὑτὸν
1007 2036 1030 2066 Σ
1047 2031 1157 2063 alter:
1183 2033 1280 2064 αὐτὸν
1297 2032 1394 2063 codd.
1415 2037 1449 2063 et
1466 2037 1490 2066 Σ

164 2088 246 2116 1422
271 2077 336 2108 del.
355 2076 506 2117 Blaydes
685 2086 768 2115 1423
792 2085 857 2106 om.
879 2075 932 2106 M:
959 2076 1034 2106 add.
1059 2075 1108 2105 M2
1285 2075 1443 2114 ἀλλήλοιν
1461 2075 1491 2106 O

164 2131 244 2160 1425
269 2127 324 2153 Xo.
345 2131 408 2152 om.
430 2120 476 2151 L:
502 2119 588 2153 τινὲς
606 2118 712 2160 Κρέων
729 2124 753 2153 Σ
870 2119 1001 2151 Οἰδίπου
1019 2119 1049 2150 σ’
1064 2119 1140 2150 ὅσον
1158 2118 1262 2151 στένω
1280 2117 1324 2148 Β2
1340 2129 1346 2149 :
1370 2119 1491 2151 οἶδίπου

161 2166 238 2196 ὅσον
255 2163 358 2196 στένω
374 2164 398 2194 L
417 2163 464 2194 P:
485 2164 648 2202 Οἰδίπους,
668 2164 745 2195 ὅσον
763 2163 866 2194 στένω
883 2162 1004 2193 novicii
1023 2162 1159 2202 quidam
1173 2166 1206 2192 et
1217 2175 1269 2203 γρ.
1292 2162 1370 2194 ὅσον
1386 2162 1491 2194 στένω

162 2208 192 2237 Μ
209 2219 228 2239 v
245 2219 251 2239 t
276 2208 398 2239 οἶδίπου
416 2209 470 2239 σὸς
488 2208 530 2238 ὢν
548 2206 651 2238 στένω
669 2205 700 2235 Μ
714 2206 745 2236 Α
758 2206 784 2236 Β
796 2205 825 2236 V
926 2206 1010 2244 1426
1035 2205 1211 2244 ἐκπλήσειν
1229 2205 1256 2235 Ρ
1346 2214 1426 2244 1427
1452 2206 1490 2243 δὴ

160 2253 215 2283 νῦν
231 2251 326 2282 codd.
424 2251 506 2288 1428
532 2249 686 2287 ἐλιπέτην
704 2249 736 2280 Μ
754 2249 779 2279 L
869 2251 908 2281 ὡς
925 2251 987 2291 ’γὰρ
1003 2249 1143 2281 πεσόντε
1159 2250 1250 2281 παῖδε
1267 2248 1403 2287 λιπέτην
1418 2249 1490 2286 βίον

159 2307 209 2335 γρ.
231 2295 262 2324 Μ
282 2306 288 2325 z
314 2296 354 2326 ὡς
370 2296 433 2335 ιγὰρ
450 2293 552 2325 τέκνω
568 2293 709 2324 πεσόντε
726 2292 862 2332 λιπέτην
879 2293 952 2330 βίον
966 2305 1018 2334 γρ.
1040 2291 1067 2322 Β
1186 2301 1270 2333 1429
1294 2291 1490 2333 προσπίπτοι

162 2337 194 2367 Μ
333 2346 414 2376 1430
437 2337 501 2367 del.
523 2336 735 2367 Valckenaer
