1658 2740
644 80 969 118 ‘DOINIEEAI

145 190 215 239 Kp.
243 184 272 226 ὦ
298 189 431 226 πολλὰ
455 183 575 234 λέξας
601 187 642 226 ἐν
668 188 819 237 βραχεῖ
840 185 968 238 χρόνῳ
996 184 1105 224 κακά.

143 256 211 294 Τε.
244 254 313 293 σοί
335 252 384 305 γ’,
411 254 517 292 ἀλλὰ
543 253 698 304 πατρίδι
721 250 878 303 μεγάλα
903 250 966 290 καὶ
995 250 1182 302 σωτήρια.

147 322 215 371 Κρ.
244 319 311 359 οὐκ
336 319 487 365 ἔκλυον,
514 319 582 358 οὐκ
606 318 771 368 ἤκουσα·
809 316 978 370 χαιρέτω
1004 317 1133 358 πόλις.

144 388 213 427 Τε.
246 385 345 436 ἀνὴρ
369 385 426 425 ὅδ’
452 384 578 425 οὐκέθ’
605 385 733 426 αὑτός·
771 383 919 424 ἐκνεύει
944 382 1078 423 πάλιν.

147 454 217 503 Κρ.
244 453 395 504 χαίρων
418 451 483 492 ἴθ’·
520 450 565 492 οὐ
589 452 665 504 γὰρ
691 454 774 490 σῶν
799 467 847 500 με
872 452 932 489 δεῖ
953 448 1247 501 μαντευμάτων.

144 521 213 559 Τε.
247 518 456 559 ἀπόλωλεν
480 518 502 569 ἡ
528 516 693 568 ἀλήθει’,
722 517 805 557 ἐπεὶ
832 515 882 556 σὺ
908 518 1134 569 δυστυχεῖς;

149 587 218 636 Κρ.
246 583 274 624 ὦ
301 585 396 637 πρός
422 601 469 625 σε
493 583 670 636 γονάτων
698 583 761 623 καὶ
786 584 1003 635 γερασμίου
1028 582 1164 635 τριχὸς
1190 615 1198 623 .
1227 614 1236 623 .
1265 615 1273 623 .

145 654 213 692 Τε.
244 653 286 691 τί
307 652 559 703 προσπίτνεις
582 667 650 701 με;
691 649 935 701 δυσφύλακτ’
961 650 1050 705 αἰτῇ
1080 648 1189 691 κακά.

151 721 220 770 Κρ.
248 720 357 770 σίγα·
395 718 510 758 πόλει
535 720 576 758 δὲ
601 717 745 757 τούσδε
769 716 821 767 μὴ
846 715 965 772 λέξῃς
990 716 1148 768 λόγους.

147 787 215 825 Τε.
247 785 392 824 ἀδικεῖν
418 784 589 826 κελεύεις
614 783 667 836 μ’·
705 783 750 824 οὐ
776 782 1053 833 σιωπήσαιμεν
1077 782 1137 823 ἄν.

151 854 221 903 Κρ.
250 852 290 891 τί
313 850 358 900 δή
384 868 432 901 με
458 850 635 903 δράσεις;
677 849 796 890 παῖδά
819 867 894 901 μου
920 853 1184 896 κατακτενεῖς;

148 921 215 958 Τε.
247 917 386 958 ἄλλοις
411 916 580 968 μελήσει
607 917 727 962 ταῦτ’,
756 917 841 967 ἐμοὶ
866 916 898 955 δ’
925 915 1136 967 εἰρήσεται.

150 987 220 1034 Κρ.
249 985 291 1024 ἐκ
315 987 382 1024 τοῦ
406 983 439 1023 δ’
467 984 551 1033 ἐμοὶ
576 983 655 1023 τόδ’
683 982 781 1033 ἦλθε
807 983 869 1023 καὶ
894 982 1016 1037 τέκνῳ
1043 984 1181 1029 κακόν;

148 1053 216 1091 Τε.
252 1051 374 1101 ὀρθῶς
397 1050 435 1100 μ’
461 1050 603 1104 ἐρωτᾷς
629 1051 708 1091 κείς
733 1048 852 1101 ἀγῶν’
879 1049 976 1104 ἔρχῃ
1001 1049 1147 1101 λόγων.

317 1119 377 1156 δεῖ
398 1116 510 1157 τόνδε
537 1115 746 1167 θαλάμαις,
773 1115 817 1156 οὗ
842 1114 994 1168 δράκων
1019 1116 1039 1154 ὁ
1064 1115 1235 1168 γηγενὴς

250 1182 408 1234 ἐγένετο
435 1183 582 1235 Δίρκης
609 1182 790 1233 ναμάτων
816 1183 1044 1228 ἐπίσκοπος,

251 1248 459 1301 σφαγέντα
485 1250 627 1301 φόνιον
654 1249 749 1300 αἷμα
773 1254 825 1305 γῇ
850 1251 984 1289 δοῦναι
1007 1249 1107 1301 χοᾶς

252 1314 423 1366 Κάδμου,
449 1319 630 1356 παλαιῶν
651 1314 792 1367 ’Ἄρεος
817 1316 860 1355 ἐκ
883 1314 1122 1366 μηνιμάτων,

248 1380 291 1423 ὃς
314 1385 478 1434 γηγενεῖ
499 1381 683 1434 δράκοντι
707 1384 871 1433 τιμωρεῖ
893 1381 1031 1433 φόνον.

251 1448 314 1489 καὶ
338 1451 458 1489 ταῦτα
484 1451 650 1500 δρῶντες
676 1448 887 1501 σύμμαχον
913 1446 1101 1498 κτήσεσθ’
1120 1446 1237 1499 ”Αρη.

249 1516 358 1568 χθὼν
383 1514 416 1554 δ’
442 1515 528 1556 ἀντὶ
554 1518 702 1567 καρποῦ
729 1514 879 1567 καρπὸν
904 1514 995 1555 ἀντί
1017 1513 1050 1554 θ’
1074 1515 1237 1565 αἵματος

250 1581 330 1633 αἷμ’
354 1578 402 1631 ἢν
427 1581 537 1638 λάβῃ
562 1582 762 1634 βρότειον,
789 1579 888 1631 ἕξετ’
914 1581 1054 1631 εὐμενῆ

249 1650 335 1700 γῆν,
362 1648 387 1698 ἤ
411 1648 498 1689 ποθ’
520 1648 613 1699 ἡμῖν
640 1646 930 1702 χρυσοπήληκα
956 1647 1108 1700 στάχυν

251 1719 436 1766 σπαρτῶν
462 1716 616 1765 ἀνῆκεν·
657 1716 700 1755 ἐκ
725 1713 864 1767 γένους
889 1716 930 1754 δὲ
956 1716 1016 1755 δεῖ
1039 1716 1171 1754 θανεῖν

249 1781 364 1827 τοῦδ’,
391 1780 433 1824 ὃς
458 1780 670 1833 δράκοντος
694 1780 835 1833 γένυος
861 1779 1059 1833 ἐκπέφυκε
1085 1783 1188 1821 παῖς.

317 1847 368 1888 σὺ
393 1847 426 1887 δ’
452 1846 579 1888 ἐνθάδ’
604 1847 696 1898 ἡμῖν
722 1850 859 1889 λοιπὸς
886 1846 924 1887 εἶ
945 1849 1132 1899 σπαρτῶν
1157 1845 1295 1898 γένους

250 1913 439 1966 ἀκέραιος,
467 1914 509 1954 ἔκ
533 1930 576 1954 τε
600 1916 744 1966 μητρὸς
770 1912 949 1964 ἀρσένων
973 1912 1006 1953 τ’
1031 1912 1122 1958 ἄπο,

249 1983 285 2021 οἱ
312 1982 380 2021 σοί
401 1997 442 2020 τε
468 1982 616 2022 παῖδες.
687 1980 858 2030 Αἵμονος
881 1981 954 2030 μὲν
979 1979 1048 2019 οὖν
1072 1977 1192 2031 γάμοι

251 2048 412 2099 σφαγὰς
437 2044 682 2099 ἀπείργουσ’.
755 2045 799 2085 οὐ
823 2045 897 2098 γάρ
924 2047 1034 2086 ἐστιν
1055 2044 1181 2102 ᾕθεος’

1406 397 1472 427 920

1411 730 1472 760 925

1412 1063 1475 1092 930

1411 1394 1472 1426 935

1408 1725 1475 1757 940

1407 2058 1472 2090 945

191 2150 251 2179 917
277 2139 396 2181 χρόνῳ]
417 2139 504 2180 λόγῳ
523 2139 639 2169 Nauck
728 2139 791 2178 918
813 2138 862 2179 γ’]
875 2137 904 2170 τ’
922 2137 953 2168 Α
1041 2138 1115 2179 (Τρία
1132 2137 1165 2168 Μ
1179 2137 1210 2167 V
1308 2149 1372 2177 920
1396 2139 1473 2179 ἀνὴρ

150 2183 195 2215 ὅδ’
216 2183 321 2215 οὐκέτ’
339 2182 432 2214 αὐτός
449 2183 543 2213 codd.
665 2191 724 2221 921
753 2181 981 2221 θεσπισμάτων
999 2180 1025 2211 Ρ
1139 2191 1202 2219 924
1228 2183 1305 2212 αἴνει
1324 2181 1472 2220 Elmsley

149 2236 213 2266 925
236 2227 383 2258 πολίταις
398 2228 508 2257 τοῖσδε
526 2225 552 2255 P
697 2235 760 2264 927
787 2227 996 2256 κατακτανεῖς
1016 2224 1041 2254 L
1184 2233 1246 2263 931
1275 2225 1427 2264 θαλάμοις
1445 2225 1472 2254 L

147 2279 212 2308 934
237 2269 362 2309 Κάδμου
380 2269 477 2300 codd.
494 2273 527 2298 et
544 2273 567 2302 Σ
583 2278 589 2298 :
615 2267 728 2308 Κάδμῳ
744 2271 888 2299 παλαιῶν
904 2267 1116 2297 Valckenaer
1224 2269 1289 2306 936
1315 2268 1472 2306 κτήσασθ’

149 2313 179 2342 Α
192 2313 222 2342 V
327 2314 405 2353 ἅρην
421 2311 451 2341 V
464 2312 489 2341 L
504 2311 529 2341 P
631 2321 696 2350 939
721 2313 790 2350 ὑμῖν
810 2310 836 2342 Ρ
924 2321 989 2350 940
1012 2310 1125 2351 ’γένους
1141 2311 1237 2342 codd.
1259 2316 1292 2340 et
1310 2315 1333 2344 Σ
1349 2322 1355 2341 :

150 2355 281 2386 Busche

1373 2310 1473 2351 λόγου
