<?xml version="1.0" encoding="UTF-8"?>
<!DOCTYPE html PUBLIC "-//W3C//DTD XHTML 1.0 Transitional//EN"
    "http://www.w3.org/TR/xhtml1/DTD/xhtml1-transitional.dtd">
<html xmlns="http://www.w3.org/1999/xhtml" xml:lang="en" lang="en">
 <head>
  <title>
</title>
<meta http-equiv="Content-Type" content="text/html;charset=utf-8" />
  <meta name='ocr-system' content='tesseract 3.04.00' />
  <meta name='ocr-capabilities' content='ocr_page ocr_carea ocr_par ocr_line ocrx_word'/>
</head>
<body>
  <div class='ocr_page' id='page_1' title='image "./euripidisfabulae03euriuoft_0125.png"; bbox 0 0 1658 2740; ppageno 0'>
   <div class='ocr_carea' id='block_1_1' title="bbox 630 86 952 123">
    <p class='ocr_par' dir='ltr' id='par_1_1' title="bbox 630 86 952 123">
     <span class='ocr_line' id='line_1_1' title="bbox 630 86 952 123; baseline 0 -1"><span class='ocrx_word' id='word_1_1' title='bbox 630 86 952 123; x_wconf 71' lang='grc' dir='ltr'>ΦΟΙΝΙΣΣΑΙ</span> 
     </span>
    </p>
   </div>
   <div class='ocr_carea' id='block_1_2' title="bbox 229 189 1462 1842">
    <p class='ocr_par' dir='ltr' id='par_1_2' title="bbox 238 189 927 242">
     <span class='ocr_line' id='line_1_2' title="bbox 238 189 927 242; baseline -0.001 -12"><span class='ocrx_word' id='word_1_2' title='bbox 238 190 285 239; x_wconf 81' lang='grc' dir='ltr'>ἐξ</span> <span class='ocrx_word' id='word_1_3' title='bbox 306 190 349 229; x_wconf 74' lang='grc' dir='ltr'>οὗ</span> <span class='ocrx_word' id='word_1_4' title='bbox 375 189 558 239; x_wconf 80' lang='grc' dir='ltr'>’τεκνώθη</span> <span class='ocrx_word' id='word_1_5' title='bbox 585 189 705 231; x_wconf 55' lang='grc' dir='ltr'>,Κάιος</span> <span class='ocrx_word' id='word_1_6' title='bbox 729 190 802 242; x_wconf 74' lang='grc' dir='ltr'>βίᾳ</span> <span class='ocrx_word' id='word_1_7' title='bbox 830 191 927 229; x_wconf 82' lang='grc' dir='ltr'>θεῶν</span> 
     </span>
    </p>

    <p class='ocr_par' dir='ltr' id='par_1_3' title="bbox 237 255 1103 308">
     <span class='ocr_line' id='line_1_3' title="bbox 237 255 1103 308; baseline -0.002 -11"><span class='ocrx_word' id='word_1_8' title='bbox 237 258 355 297; x_wconf 82' lang='grc' dir='ltr'>πόσιν</span> <span class='ocrx_word' id='word_1_9' title='bbox 381 256 414 295; x_wconf 82' lang='grc' dir='ltr'>τ’</span> <span class='ocrx_word' id='word_1_10' title='bbox 440 256 567 308; x_wconf 82' lang='grc' dir='ltr'>ἔφυσε</span> <span class='ocrx_word' id='word_1_11' title='bbox 591 257 706 307; x_wconf 84' lang='grc' dir='ltr'>μητρὶ</span> <span class='ocrx_word' id='word_1_12' title='bbox 730 255 874 306; x_wconf 82' lang='grc' dir='ltr'>μέλεον</span> <span class='ocrx_word' id='word_1_13' title='bbox 899 257 1103 295; x_wconf 82' lang='grc' dir='ltr'>Οἰδίπουν·</span> 
     </span>
    </p>

    <p class='ocr_par' dir='ltr' id='par_1_4' title="bbox 236 322 1462 442">
     <span class='ocr_line' id='line_1_4' title="bbox 237 322 1462 374; baseline 0 -10"><span class='ocrx_word' id='word_1_14' title='bbox 237 325 279 364; x_wconf 85' lang='grc' dir='ltr'>αἵ</span> <span class='ocrx_word' id='word_1_15' title='bbox 301 324 335 363; x_wconf 87' lang='grc' dir='ltr'>θ’</span> <span class='ocrx_word' id='word_1_16' title='bbox 360 325 578 374; x_wconf 83' lang='grc' dir='ltr'>αἱματωποὶ</span> <span class='ocrx_word' id='word_1_17' title='bbox 604 322 831 374; x_wconf 79' lang='grc' dir='ltr'>δεργμάτων</span> <span class='ocrx_word' id='word_1_18' title='bbox 859 322 1071 374; x_wconf 83' lang='grc' dir='ltr'>διαφθοραὶ</span> <span class='ocrx_word' id='word_1_19' title='bbox 1400 327 1462 364; x_wconf 84' lang='lat'>870</span> 
     </span>
     <span class='ocr_line' id='line_1_5' title="bbox 236 388 992 442; baseline 0 -12"><span class='ocrx_word' id='word_1_20' title='bbox 236 393 334 431; x_wconf 88' lang='grc' dir='ltr'>θεῶν</span> <span class='ocrx_word' id='word_1_21' title='bbox 360 390 546 442; x_wconf 83' lang='grc' dir='ltr'>σόφισμα</span> <span class='ocrx_word' id='word_1_22' title='bbox 572 388 786 440; x_wconf 84' lang='grc' dir='ltr'>κάπίδειξις</span> <span class='ocrx_word' id='word_1_23' title='bbox 811 388 992 430; x_wconf 76' lang='grc' dir='ltr'>Ἑλλάδι.</span> 
     </span>
    </p>

    <p class='ocr_par' dir='ltr' id='par_1_5' title="bbox 235 456 1051 510">
     <span class='ocr_line' id='line_1_6' title="bbox 235 456 1051 510; baseline -0.001 -13"><span class='ocrx_word' id='word_1_24' title='bbox 235 457 260 497; x_wconf 74' lang='grc' dir='ltr'><strong><em>ἃ</em></strong></span> <span class='ocrx_word' id='word_1_25' title='bbox 285 457 544 509; x_wconf 80' lang='grc' dir='ltr'>συγκαλύψαι</span> <span class='ocrx_word' id='word_1_26' title='bbox 568 459 704 498; x_wconf 89' lang='grc' dir='ltr'>παῖδες</span> <span class='ocrx_word' id='word_1_27' title='bbox 729 456 898 496; x_wconf 84' lang='grc' dir='ltr'>Οἰδίπου</span> <span class='ocrx_word' id='word_1_28' title='bbox 921 456 1051 510; x_wconf 82' lang='grc' dir='ltr'>χρόνῳ</span> 
     </span>
    </p>

    <p class='ocr_par' dir='ltr' id='par_1_6' title="bbox 234 521 1141 579">
     <span class='ocr_line' id='line_1_7' title="bbox 234 521 1141 579; baseline -0.002 -16"><span class='ocrx_word' id='word_1_29' title='bbox 234 521 455 579; x_wconf 77' lang='grc' dir='ltr'>χρῄζοντες,</span> <span class='ocrx_word' id='word_1_30' title='bbox 484 522 535 564; x_wconf 84' lang='grc' dir='ltr'>ὡς</span> <span class='ocrx_word' id='word_1_31' title='bbox 561 522 606 571; x_wconf 79' lang='grc' dir='ltr'>δὴ</span> <span class='ocrx_word' id='word_1_32' title='bbox 634 522 745 563; x_wconf 84' lang='grc' dir='ltr'>θεοὺς</span> <span class='ocrx_word' id='word_1_33' title='bbox 769 522 1141 574; x_wconf 78' lang='grc' dir='ltr'>ὑπεκδραμούμενοι,</span> 
     </span>
    </p>

    <p class='ocr_par' dir='ltr' id='par_1_7' title="bbox 235 588 1093 641">
     <span class='ocr_line' id='line_1_8' title="bbox 235 588 1093 641; baseline 0 -13"><span class='ocrx_word' id='word_1_34' title='bbox 235 590 407 640; x_wconf 83' lang='grc' dir='ltr'>ἥμαρτον</span> <span class='ocrx_word' id='word_1_35' title='bbox 433 590 604 640; x_wconf 83' lang='grc' dir='ltr'>ἀμαθῶς·</span> <span class='ocrx_word' id='word_1_36' title='bbox 643 589 730 630; x_wconf 83' lang='grc' dir='ltr'>οὔτε</span> <span class='ocrx_word' id='word_1_37' title='bbox 757 590 831 640; x_wconf 78' lang='grc' dir='ltr'>γὰρ</span> <span class='ocrx_word' id='word_1_38' title='bbox 856 588 953 641; x_wconf 85' lang='grc' dir='ltr'>γέρα</span> <span class='ocrx_word' id='word_1_39' title='bbox 977 589 1093 640; x_wconf 80' lang='grc' dir='ltr'>πατρὶ</span> 
     </span>
    </p>

    <p class='ocr_par' dir='ltr' id='par_1_8' title="bbox 234 655 1461 774">
     <span class='ocr_line' id='line_1_9' title="bbox 234 655 1461 708; baseline -0.002 -13"><span class='ocrx_word' id='word_1_40' title='bbox 234 656 313 696; x_wconf 83' lang='grc' dir='ltr'>οὔτ’</span> <span class='ocrx_word' id='word_1_41' title='bbox 339 655 474 707; x_wconf 82' lang='grc' dir='ltr'>ἔξοδον</span> <span class='ocrx_word' id='word_1_42' title='bbox 501 656 686 701; x_wconf 83' lang='grc' dir='ltr'>διδόντες,</span> <span class='ocrx_word' id='word_1_43' title='bbox 713 655 833 707; x_wconf 84' lang='grc' dir='ltr'>ἄνδρα</span> <span class='ocrx_word' id='word_1_44' title='bbox 859 657 1031 708; x_wconf 84' lang='grc' dir='ltr'>δυστυχῆ</span> <span class='ocrx_word' id='word_1_45' title='bbox 1401 659 1461 697; x_wconf 83' lang='grc'>875</span> 
     </span>
     <span class='ocr_line' id='line_1_10' title="bbox 236 721 1099 774; baseline 0.002 -12"><span class='ocrx_word' id='word_1_46' title='bbox 236 722 495 774; x_wconf 85' lang='grc' dir='ltr'>ἐξηγρίωσαν·</span> <span class='ocrx_word' id='word_1_47' title='bbox 537 723 579 762; x_wconf 85' lang='grc' dir='ltr'>ἐκ</span> <span class='ocrx_word' id='word_1_48' title='bbox 605 721 637 761; x_wconf 87' lang='grc' dir='ltr'>δ’</span> <span class='ocrx_word' id='word_1_49' title='bbox 664 721 823 763; x_wconf 83' lang='grc' dir='ltr'>ἔπνευσ’</span> <span class='ocrx_word' id='word_1_50' title='bbox 848 722 978 765; x_wconf 80' lang='grc' dir='ltr'>αὐτοῖς</span> <span class='ocrx_word' id='word_1_51' title='bbox 1004 723 1099 773; x_wconf 74' lang='grc' dir='ltr'>ἀρὰς</span> 
     </span>
    </p>

    <p class='ocr_par' dir='ltr' id='par_1_9' title="bbox 235 788 1107 839">
     <span class='ocr_line' id='line_1_11' title="bbox 235 788 1107 839; baseline 0.001 -11"><span class='ocrx_word' id='word_1_52' title='bbox 235 788 376 835; x_wconf 81' lang='grc' dir='ltr'>δεινάς,</span> <span class='ocrx_word' id='word_1_53' title='bbox 406 793 536 829; x_wconf 82' lang='grc' dir='ltr'>νοσῶν</span> <span class='ocrx_word' id='word_1_54' title='bbox 555 805 596 829; x_wconf 93' lang='grc' dir='ltr'>τε</span> <span class='ocrx_word' id='word_1_55' title='bbox 624 788 685 828; x_wconf 92' lang='grc' dir='ltr'>καὶ</span> <span class='ocrx_word' id='word_1_56' title='bbox 711 788 805 839; x_wconf 87' lang='grc' dir='ltr'>πρὸς</span> <span class='ocrx_word' id='word_1_57' title='bbox 830 788 1107 839; x_wconf 80' lang='grc' dir='ltr'>ἠτιμασμένος.</span> 
     </span>
    </p>

    <p class='ocr_par' dir='ltr' id='par_1_10' title="bbox 234 853 1127 907">
     <span class='ocr_line' id='line_1_12' title="bbox 234 853 1127 907; baseline 0 -13"><span class='ocrx_word' id='word_1_58' title='bbox 234 856 316 907; x_wconf 80' lang='grc' dir='ltr'>ἁγὼ</span> <span class='ocrx_word' id='word_1_59' title='bbox 341 857 383 896; x_wconf 90' lang='grc' dir='ltr'>τί</span> <span class='ocrx_word' id='word_1_60' title='bbox 404 853 484 907; x_wconf 59' lang='lat' dir='ltr'><em>(oss)</em></span> <span class='ocrx_word' id='word_1_61' title='bbox 514 859 626 907; x_wconf 78' lang='grc' dir='ltr'>δρῶν,</span> <span class='ocrx_word' id='word_1_62' title='bbox 654 859 747 896; x_wconf 80' lang='grc' dir='ltr'>ποῖα</span> <span class='ocrx_word' id='word_1_63' title='bbox 771 854 804 895; x_wconf 87' lang='grc' dir='ltr'>δ’</span> <span class='ocrx_word' id='word_1_64' title='bbox 829 855 872 895; x_wconf 82' lang='grc' dir='ltr'>οὐ</span> <span class='ocrx_word' id='word_1_65' title='bbox 897 855 1027 907; x_wconf 87' lang='grc' dir='ltr'>λέγων</span> <span class='ocrx_word' id='word_1_66' title='bbox 1052 855 1127 906; x_wconf 85' lang='grc' dir='ltr'>ἔπη</span> 
     </span>
    </p>

    <p class='ocr_par' dir='ltr' id='par_1_11' title="bbox 235 921 1070 974">
     <span class='ocr_line' id='line_1_13' title="bbox 235 921 1070 974; baseline -0.001 -12"><span class='ocrx_word' id='word_1_67' title='bbox 235 924 274 963; x_wconf 86' lang='grc' dir='ltr'>ἐς</span> <span class='ocrx_word' id='word_1_68' title='bbox 299 922 416 974; x_wconf 80' lang='grc' dir='ltr'>ἔχθος</span> <span class='ocrx_word' id='word_1_69' title='bbox 443 921 566 973; x_wconf 80' lang='grc' dir='ltr'>ἦλθον</span> <span class='ocrx_word' id='word_1_70' title='bbox 592 922 706 962; x_wconf 87' lang='grc' dir='ltr'>παισὶ</span> <span class='ocrx_word' id='word_1_71' title='bbox 729 926 859 962; x_wconf 86' lang='grc' dir='ltr'>τοῖσιν</span> <span class='ocrx_word' id='word_1_72' title='bbox 883 922 1070 968; x_wconf 82' lang='grc' dir='ltr'>Οἷδίπου;</span> 
     </span>
    </p>

    <p class='ocr_par' dir='ltr' id='par_1_12' title="bbox 233 987 1458 1106">
     <span class='ocr_line' id='line_1_14' title="bbox 234 987 1458 1041; baseline -0.001 -13"><span class='ocrx_word' id='word_1_73' title='bbox 234 988 351 1040; x_wconf 80' lang='grc' dir='ltr'>ἐγγὺς</span> <span class='ocrx_word' id='word_1_74' title='bbox 376 990 417 1029; x_wconf 78' lang='grc' dir='ltr'>δὲ</span> <span class='ocrx_word' id='word_1_75' title='bbox 445 988 614 1030; x_wconf 83' lang='grc' dir='ltr'>θάνατος</span> <span class='ocrx_word' id='word_1_76' title='bbox 638 987 821 1041; x_wconf 81' lang='grc' dir='ltr'>αὐτόχειρ</span> <span class='ocrx_word' id='word_1_77' title='bbox 847 988 991 1033; x_wconf 81' lang='grc' dir='ltr'>αὐτοῖς,</span> <span class='ocrx_word' id='word_1_78' title='bbox 1021 987 1160 1040; x_wconf 82' lang='grc' dir='ltr'>Κρέον·</span> <span class='ocrx_word' id='word_1_79' title='bbox 1400 992 1458 1022; x_wconf 90' lang='lat'>880</span> 
     </span>
     <span class='ocr_line' id='line_1_15' title="bbox 233 1054 1161 1106; baseline 0.002 -12"><span class='ocrx_word' id='word_1_80' title='bbox 233 1055 378 1095; x_wconf 88' lang='grc' dir='ltr'>πολλοὶ</span> <span class='ocrx_word' id='word_1_81' title='bbox 407 1057 446 1095; x_wconf 82' lang='grc' dir='ltr'>δὲ</span> <span class='ocrx_word' id='word_1_82' title='bbox 472 1054 600 1106; x_wconf 87' lang='grc' dir='ltr'>νεκροὶ</span> <span class='ocrx_word' id='word_1_83' title='bbox 625 1055 713 1105; x_wconf 86' lang='grc' dir='ltr'>περὶ</span> <span class='ocrx_word' id='word_1_84' title='bbox 738 1057 887 1106; x_wconf 84' lang='grc' dir='ltr'>νεκροῖς</span> <span class='ocrx_word' id='word_1_85' title='bbox 912 1055 1161 1096; x_wconf 79' lang='grc' dir='ltr'>πεπτωκότες</span> 
     </span>
    </p>

    <p class='ocr_par' dir='ltr' id='par_1_13' title="bbox 234 1120 1048 1174">
     <span class='ocr_line' id='line_1_16' title="bbox 234 1120 1048 1174; baseline 0 -13"><span class='ocrx_word' id='word_1_86' title='bbox 234 1121 394 1174; x_wconf 84' lang='grc' dir='ltr'>Ἀργεῖα</span> <span class='ocrx_word' id='word_1_87' title='bbox 420 1121 482 1161; x_wconf 87' lang='grc' dir='ltr'>καὶ</span> <span class='ocrx_word' id='word_1_88' title='bbox 512 1123 690 1171; x_wconf 83' lang='grc' dir='ltr'>Καδμεῖα</span> <span class='ocrx_word' id='word_1_89' title='bbox 714 1120 920 1171; x_wconf 81' lang='grc' dir='ltr'>μείξαντες</span> <span class='ocrx_word' id='word_1_90' title='bbox 943 1121 1048 1172; x_wconf 85' lang='grc' dir='ltr'>βέλη</span> 
     </span>
    </p>

    <p class='ocr_par' dir='ltr' id='par_1_14' title="bbox 232 1188 1080 1241">
     <span class='ocr_line' id='line_1_17' title="bbox 232 1188 1080 1241; baseline -0.001 -12"><span class='ocrx_word' id='word_1_91' title='bbox 232 1188 390 1241; x_wconf 87' lang='grc' dir='ltr'>πικροὺς</span> <span class='ocrx_word' id='word_1_92' title='bbox 415 1189 531 1241; x_wconf 85' lang='grc' dir='ltr'>γόους</span> <span class='ocrx_word' id='word_1_93' title='bbox 558 1188 736 1227; x_wconf 89' lang='grc' dir='ltr'>δώσουσι</span> <span class='ocrx_word' id='word_1_94' title='bbox 763 1189 928 1241; x_wconf 76' lang='grc' dir='ltr'>Θηβαίᾳ</span> <span class='ocrx_word' id='word_1_95' title='bbox 952 1188 1080 1240; x_wconf 89' lang='grc' dir='ltr'>χθονί.</span> 
     </span>
    </p>

    <p class='ocr_par' dir='ltr' id='par_1_15' title="bbox 233 1253 1088 1310">
     <span class='ocr_line' id='line_1_18' title="bbox 233 1253 1088 1310; baseline 0 -16"><span class='ocrx_word' id='word_1_96' title='bbox 233 1255 284 1296; x_wconf 93' lang='grc' dir='ltr'>σύ</span> <span class='ocrx_word' id='word_1_97' title='bbox 308 1255 342 1296; x_wconf 88' lang='grc' dir='ltr'>τ’</span> <span class='ocrx_word' id='word_1_98' title='bbox 369 1253 398 1295; x_wconf 73' lang='grc' dir='ltr'>ὦ</span> <span class='ocrx_word' id='word_1_99' title='bbox 423 1254 592 1296; x_wconf 87' lang='grc' dir='ltr'>τάλαινα</span> <span class='ocrx_word' id='word_1_100' title='bbox 618 1253 955 1310; x_wconf 84' lang='grc' dir='ltr'>συγκατασκάπτῃ</span> <span class='ocrx_word' id='word_1_101' title='bbox 981 1255 1088 1300; x_wconf 85' lang='grc' dir='ltr'>πόλι,</span> 
     </span>
    </p>

    <p class='ocr_par' dir='ltr' id='par_1_16' title="bbox 233 1320 1458 1441">
     <span class='ocr_line' id='line_1_19' title="bbox 235 1320 1458 1374; baseline 0.001 -12"><span class='ocrx_word' id='word_1_102' title='bbox 235 1324 267 1363; x_wconf 82' lang='grc' dir='ltr'>εἰ</span> <span class='ocrx_word' id='word_1_103' title='bbox 291 1322 342 1373; x_wconf 76' lang='grc' dir='ltr'>μὴ</span> <span class='ocrx_word' id='word_1_104' title='bbox 369 1323 533 1374; x_wconf 89' lang='grc' dir='ltr'>λόγοισι</span> <span class='ocrx_word' id='word_1_105' title='bbox 558 1324 640 1363; x_wconf 83' lang='grc' dir='ltr'>τοῖς</span> <span class='ocrx_word' id='word_1_106' title='bbox 666 1322 773 1372; x_wconf 83' lang='grc' dir='ltr'>ἐμοῖς</span> <span class='ocrx_word' id='word_1_107' title='bbox 796 1320 854 1362; x_wconf 82' lang='grc' dir='ltr'>τὶς</span> <span class='ocrx_word' id='word_1_108' title='bbox 879 1321 1069 1362; x_wconf 86' lang='grc' dir='ltr'>πείσεται.</span> <span class='ocrx_word' id='word_1_109' title='bbox 1396 1326 1458 1363; x_wconf 85' lang='grc'>885</span> 
     </span>
     <span class='ocr_line' id='line_1_20' title="bbox 233 1386 1119 1441; baseline -0.002 -11"><span class='ocrx_word' id='word_1_110' title='bbox 233 1391 357 1430; x_wconf 86' lang='grc' dir='ltr'>ἐκεῖνο</span> <span class='ocrx_word' id='word_1_111' title='bbox 381 1391 454 1440; x_wconf 82' lang='grc' dir='ltr'>μὲν</span> <span class='ocrx_word' id='word_1_112' title='bbox 480 1390 556 1441; x_wconf 78' lang='grc' dir='ltr'>γὰρ</span> <span class='ocrx_word' id='word_1_113' title='bbox 580 1391 736 1441; x_wconf 86' lang='grc' dir='ltr'>πρῶτον</span> <span class='ocrx_word' id='word_1_114' title='bbox 762 1386 822 1437; x_wconf 81' lang='grc' dir='ltr'>ἢν,</span> <span class='ocrx_word' id='word_1_115' title='bbox 847 1391 925 1428; x_wconf 85' lang='grc' dir='ltr'>τῶν</span> <span class='ocrx_word' id='word_1_116' title='bbox 952 1389 1119 1428; x_wconf 82' lang='grc' dir='ltr'>Οἰδίπου</span> 
     </span>
    </p>

    <p class='ocr_par' dir='ltr' id='par_1_17' title="bbox 230 1453 1155 1507">
     <span class='ocr_line' id='line_1_21' title="bbox 230 1453 1155 1507; baseline -0.002 -10"><span class='ocrx_word' id='word_1_117' title='bbox 230 1455 380 1507; x_wconf 87' lang='grc' dir='ltr'>μηδένα</span> <span class='ocrx_word' id='word_1_118' title='bbox 407 1456 576 1505; x_wconf 88' lang='grc' dir='ltr'>πολίτην</span> <span class='ocrx_word' id='word_1_119' title='bbox 600 1453 689 1505; x_wconf 87' lang='grc' dir='ltr'>μηδ’</span> <span class='ocrx_word' id='word_1_120' title='bbox 715 1453 848 1496; x_wconf 82' lang='grc' dir='ltr'>ἄνακτ’</span> <span class='ocrx_word' id='word_1_121' title='bbox 874 1453 973 1496; x_wconf 74' lang='grc' dir='ltr'>εἶναι</span> <span class='ocrx_word' id='word_1_122' title='bbox 997 1456 1155 1507; x_wconf 84' lang='grc' dir='ltr'>χθονός,</span> 
     </span>
    </p>

    <p class='ocr_par' dir='ltr' id='par_1_18' title="bbox 231 1520 1075 1574">
     <span class='ocr_line' id='line_1_22' title="bbox 231 1520 1075 1574; baseline -0.001 -11"><span class='ocrx_word' id='word_1_123' title='bbox 231 1522 283 1565; x_wconf 86' lang='grc' dir='ltr'>ὡς</span> <span class='ocrx_word' id='word_1_124' title='bbox 308 1526 575 1574; x_wconf 82' lang='grc' dir='ltr'>δαιμονῶντας</span> <span class='ocrx_word' id='word_1_125' title='bbox 601 1520 920 1574; x_wconf 79' lang='grc' dir='ltr'>κάνατρέψοντας</span> <span class='ocrx_word' id='word_1_126' title='bbox 944 1522 1075 1562; x_wconf 90' lang='grc' dir='ltr'>πόλιν.</span> 
     </span>
    </p>

    <p class='ocr_par' dir='ltr' id='par_1_19' title="bbox 231 1587 1138 1641">
     <span class='ocr_line' id='line_1_23' title="bbox 231 1587 1138 1641; baseline -0.002 -11"><span class='ocrx_word' id='word_1_127' title='bbox 231 1590 316 1630; x_wconf 82' lang='grc' dir='ltr'>ἐπεὶ</span> <span class='ocrx_word' id='word_1_128' title='bbox 342 1592 383 1630; x_wconf 83' lang='grc' dir='ltr'>δὲ</span> <span class='ocrx_word' id='word_1_129' title='bbox 411 1593 602 1641; x_wconf 84' lang='grc' dir='ltr'>κρεῖσσον</span> <span class='ocrx_word' id='word_1_130' title='bbox 628 1587 674 1630; x_wconf 86' lang='grc' dir='ltr'>τὸ</span> <span class='ocrx_word' id='word_1_131' title='bbox 700 1588 818 1630; x_wconf 89' lang='grc' dir='ltr'>κακόν</span> <span class='ocrx_word' id='word_1_132' title='bbox 844 1589 929 1629; x_wconf 86' lang='grc' dir='ltr'>ἐστι</span> <span class='ocrx_word' id='word_1_133' title='bbox 953 1589 1138 1640; x_wconf 81' lang='grc' dir='ltr'>τάγαθοῦ,</span> 
     </span>
    </p>

    <p class='ocr_par' dir='ltr' id='par_1_20' title="bbox 229 1654 1460 1774">
     <span class='ocr_line' id='line_1_24' title="bbox 229 1654 1460 1709; baseline 0.002 -13"><span class='ocrx_word' id='word_1_134' title='bbox 229 1655 290 1707; x_wconf 86' lang='grc' dir='ltr'>μί’</span> <span class='ocrx_word' id='word_1_135' title='bbox 316 1656 426 1697; x_wconf 85' lang='grc' dir='ltr'>ἔστιν</span> <span class='ocrx_word' id='word_1_136' title='bbox 451 1655 554 1707; x_wconf 87' lang='grc' dir='ltr'>ἄλλη</span> <span class='ocrx_word' id='word_1_137' title='bbox 581 1654 742 1709; x_wconf 78' lang='grc' dir='ltr'>μηχανὴ</span> <span class='ocrx_word' id='word_1_138' title='bbox 769 1656 977 1706; x_wconf 87' lang='grc' dir='ltr'>σωτηρίας.</span> <span class='ocrx_word' id='word_1_139' title='bbox 1398 1659 1460 1698; x_wconf 83' lang='lat'>890</span> 
     </span>
     <span class='ocr_line' id='line_1_25' title="bbox 231 1721 1212 1774; baseline 0 -12"><span class='ocrx_word' id='word_1_140' title='bbox 231 1722 428 1763; x_wconf 80' lang='grc' dir='ltr'>ἁλλ’-οὐ</span> <span class='ocrx_word' id='word_1_141' title='bbox 452 1724 528 1774; x_wconf 80' lang='grc' dir='ltr'>γὰρ</span> <span class='ocrx_word' id='word_1_142' title='bbox 555 1723 680 1765; x_wconf 83' lang='grc' dir='ltr'>εἰπεῖν</span> <span class='ocrx_word' id='word_1_143' title='bbox 707 1721 787 1763; x_wconf 84' lang='grc' dir='ltr'>οὔτ’</span> <span class='ocrx_word' id='word_1_144' title='bbox 814 1722 899 1772; x_wconf 84' lang='grc' dir='ltr'>ἐμοὶ</span> <span class='ocrx_word' id='word_1_145' title='bbox 923 1721 1003 1761; x_wconf 87' lang='grc' dir='ltr'>τόδ’</span> <span class='ocrx_word' id='word_1_146' title='bbox 1028 1722 1212 1773; x_wconf 82' lang='grc' dir='ltr'>ἀσφαλὲς</span> 
     </span>
    </p>

    <p class='ocr_par' dir='ltr' id='par_1_21' title="bbox 230 1787 1088 1842">
     <span class='ocr_line' id='line_1_26' title="bbox 230 1787 1088 1842; baseline 0 -13"><span class='ocrx_word' id='word_1_147' title='bbox 230 1789 370 1840; x_wconf 86' lang='grc' dir='ltr'>πικρόν</span> <span class='ocrx_word' id='word_1_148' title='bbox 394 1806 435 1829; x_wconf 87' lang='grc' dir='ltr'>τε</span> <span class='ocrx_word' id='word_1_149' title='bbox 459 1792 566 1829; x_wconf 87' lang='grc' dir='ltr'>τοῖσι</span> <span class='ocrx_word' id='word_1_150' title='bbox 591 1788 663 1838; x_wconf 78' lang='grc' dir='ltr'>τὴν</span> <span class='ocrx_word' id='word_1_151' title='bbox 688 1788 814 1842; x_wconf 83' lang='grc' dir='ltr'>τύχην</span> <span class='ocrx_word' id='word_1_152' title='bbox 839 1787 1088 1838; x_wconf 86' lang='grc' dir='ltr'>κεκτημένοις</span> 
     </span>
    </p>
   </div>
   <div class='ocr_carea' id='block_1_3' title="bbox 127 1880 1462 2054">
    <p class='ocr_par' dir='ltr' id='par_1_22' title="bbox 127 1880 1462 2054">
     <span class='ocr_line' id='line_1_27' title="bbox 171 1880 1459 1924; baseline -0.002 -10"><span class='ocrx_word' id='word_1_153' title='bbox 171 1885 235 1923; x_wconf 87' lang='grc'>869</span> <span class='ocrx_word' id='word_1_154' title='bbox 258 1882 303 1924; x_wconf 83' lang='grc' dir='ltr'>τ’]</span> <span class='ocrx_word' id='word_1_155' title='bbox 323 1883 348 1916; x_wconf 68' lang='grc' dir='ltr'>δ’</span> <span class='ocrx_word' id='word_1_156' title='bbox 368 1883 394 1913; x_wconf 86' lang='lat' dir='ltr'>L</span> <span class='ocrx_word' id='word_1_157' title='bbox 521 1883 585 1921; x_wconf 83' lang='lat'>870</span> <span class='ocrx_word' id='word_1_158' title='bbox 609 1883 644 1914; x_wconf 79' lang='grc' dir='ltr'>αἵ</span> <span class='ocrx_word' id='word_1_159' title='bbox 656 1881 699 1922; x_wconf 86' lang='grc' dir='ltr'>θ’]</span> <span class='ocrx_word' id='word_1_160' title='bbox 719 1880 780 1913; x_wconf 84' lang='grc' dir='ltr'>ἔνθ’</span> <span class='ocrx_word' id='word_1_161' title='bbox 798 1882 829 1911; x_wconf 92' lang='lat' dir='ltr'>V</span> <span class='ocrx_word' id='word_1_162' title='bbox 846 1893 853 1912; x_wconf 73' lang='lat' dir='ltr'>t</span> <span class='ocrx_word' id='word_1_163' title='bbox 878 1891 960 1912; x_wconf 81' lang='lat' dir='ltr'>corr.</span> <span class='ocrx_word' id='word_1_164' title='bbox 982 1891 1019 1913; x_wconf 83' lang='lat' dir='ltr'>v:</span> <span class='ocrx_word' id='word_1_165' title='bbox 1047 1882 1104 1913; x_wconf 79' lang='grc' dir='ltr'>αἵδ’</span> <span class='ocrx_word' id='word_1_166' title='bbox 1125 1881 1151 1911; x_wconf 88' lang='grc' dir='ltr'>Ρ</span> <span class='ocrx_word' id='word_1_167' title='bbox 1263 1882 1459 1920; x_wconf 77' lang='grc' dir='ltr'>αἱματοποιοι</span> 
     </span>
     <span class='ocr_line' id='line_1_28' title="bbox 128 1924 1462 1968; baseline -0.001 -11"><span class='ocrx_word' id='word_1_168' title='bbox 128 1927 158 1957; x_wconf 94' lang='lat' dir='ltr'>V</span> <span class='ocrx_word' id='word_1_169' title='bbox 176 1927 250 1966; x_wconf 82' lang='lat' dir='ltr'>(sed</span> <span class='ocrx_word' id='word_1_170' title='bbox 267 1940 319 1968; x_wconf 73' lang='grc' dir='ltr'>γρ.</span> <span class='ocrx_word' id='word_1_171' title='bbox 345 1926 520 1965; x_wconf 81' lang='grc' dir='ltr'>αἱματωποὶ</span> <span class='ocrx_word' id='word_1_172' title='bbox 543 1926 577 1965; x_wconf 73' lang='lat' dir='ltr'>v)</span> <span class='ocrx_word' id='word_1_173' title='bbox 597 1936 605 1956; x_wconf 69' lang='grc' dir='ltr'>ι</span> <span class='ocrx_word' id='word_1_174' title='bbox 628 1935 744 1956; x_wconf 82' lang='lat' dir='ltr'>rasura</span> <span class='ocrx_word' id='word_1_175' title='bbox 768 1930 842 1964; x_wconf 85' lang='lat' dir='ltr'>post</span> <span class='ocrx_word' id='word_1_176' title='bbox 866 1926 1039 1964; x_wconf 78' lang='grc' dir='ltr'>αἱματωποὶ</span> <span class='ocrx_word' id='word_1_177' title='bbox 1067 1925 1099 1954; x_wconf 88' lang='lat' dir='ltr'>in</span> <span class='ocrx_word' id='word_1_178' title='bbox 1127 1924 1160 1954; x_wconf 84' lang='lat' dir='ltr'>M</span> <span class='ocrx_word' id='word_1_179' title='bbox 1298 1925 1356 1962; x_wconf 83' lang='lat'>871</span> <span class='ocrx_word' id='word_1_180' title='bbox 1385 1927 1462 1955; x_wconf 82' lang='grc' dir='ltr'>θεῶν</span> 
     </span>
     <span class='ocr_line' id='line_1_29' title="bbox 128 1967 1462 2010; baseline -0.004 -8"><span class='ocrx_word' id='word_1_181' title='bbox 128 1969 334 2010; x_wconf 82' lang='grc' dir='ltr'>σωφρόνισμα</span> <span class='ocrx_word' id='word_1_182' title='bbox 352 1969 568 2000; x_wconf 76' lang='lat' dir='ltr'><strong>Herwerden</strong></span> <span class='ocrx_word' id='word_1_183' title='bbox 587 1968 746 2009; x_wconf 77' lang='grc' dir='ltr'>(σόφισμα</span> <span class='ocrx_word' id='word_1_184' title='bbox 763 1968 801 2008; x_wconf 88' lang='grc' dir='ltr'>Σ)</span> <span class='ocrx_word' id='word_1_185' title='bbox 895 1967 1072 2008; x_wconf 77' lang='grc' dir='ltr'>κᾶπόδειξις</span> <span class='ocrx_word' id='word_1_186' title='bbox 1092 1968 1124 1997; x_wconf 90' lang='grc' dir='ltr'><strong>Μ</strong></span> <span class='ocrx_word' id='word_1_187' title='bbox 1139 1968 1166 1998; x_wconf 90' lang='grc' dir='ltr'>Β</span> <span class='ocrx_word' id='word_1_188' title='bbox 1180 1968 1206 1998; x_wconf 87' lang='grc' dir='ltr'>Ρ</span> <span class='ocrx_word' id='word_1_189' title='bbox 1295 1968 1357 2006; x_wconf 83' lang='lat'>874</span> <span class='ocrx_word' id='word_1_190' title='bbox 1382 1967 1462 2007; x_wconf 78' lang='grc' dir='ltr'>γέρα</span> 
     </span>
     <span class='ocr_line' id='line_1_30' title="bbox 127 2009 1458 2054; baseline -0.003 -11"><span class='ocrx_word' id='word_1_191' title='bbox 127 2013 199 2043; x_wconf 83' lang='lat' dir='ltr'>AV</span> <span class='ocrx_word' id='word_1_192' title='bbox 213 2014 258 2045; x_wconf 90' lang='lat' dir='ltr'>L:</span> <span class='ocrx_word' id='word_1_193' title='bbox 283 2013 380 2054; x_wconf 73' lang='grc' dir='ltr'>γέρας</span> <span class='ocrx_word' id='word_1_194' title='bbox 398 2013 430 2043; x_wconf 89' lang='grc' dir='ltr'>Μ</span> <span class='ocrx_word' id='word_1_195' title='bbox 445 2012 471 2042; x_wconf 83' lang='grc' dir='ltr'><em>Β</em></span> <span class='ocrx_word' id='word_1_196' title='bbox 485 2012 512 2042; x_wconf 89' lang='lat' dir='ltr'>P</span> <span class='ocrx_word' id='word_1_197' title='bbox 533 2017 576 2044; x_wconf 82' lang='lat' dir='ltr'>et.</span> <span class='ocrx_word' id='word_1_198' title='bbox 600 2016 634 2041; x_wconf 85' lang='lat' dir='ltr'>ut</span> <span class='ocrx_word' id='word_1_199' title='bbox 656 2011 801 2049; x_wconf 76' lang='lat' dir='ltr'>videtur,</span> <span class='ocrx_word' id='word_1_200' title='bbox 821 2017 844 2045; x_wconf 84' lang='grc' dir='ltr'>Σ</span> <span class='ocrx_word' id='word_1_201' title='bbox 981 2011 1044 2049; x_wconf 90' lang='lat'>875</span> <span class='ocrx_word' id='word_1_202' title='bbox 1071 2011 1159 2051; x_wconf 84' lang='grc' dir='ltr'>ἀνδρί</span> <span class='ocrx_word' id='word_1_203' title='bbox 1176 2021 1344 2050; x_wconf 73' lang='lat' dir='ltr'>suprascr.</span> <span class='ocrx_word' id='word_1_204' title='bbox 1367 2010 1399 2040; x_wconf 86' lang='lat' dir='ltr'>in</span> <span class='ocrx_word' id='word_1_205' title='bbox 1426 2009 1458 2039; x_wconf 93' lang='lat' dir='ltr'><strong>M</strong></span> 
     </span>
    </p>
   </div>
   <div class='ocr_carea' id='block_1_4' title="bbox 125 2054 1461 2401">
    <p class='ocr_par' dir='ltr' id='par_1_23' title="bbox 125 2054 1461 2401">
     <span class='ocr_line' id='line_1_31' title="bbox 127 2054 1460 2097; baseline -0.002 -9"><span class='ocrx_word' id='word_1_206' title='bbox 127 2057 191 2095; x_wconf 87' lang='lat'>878</span> <span class='ocrx_word' id='word_1_207' title='bbox 215 2057 248 2088; x_wconf 84' lang='grc' dir='ltr'>τί</span> <span class='ocrx_word' id='word_1_208' title='bbox 263 2059 298 2088; x_wconf 84' lang='grc' dir='ltr'>οὐ</span> <span class='ocrx_word' id='word_1_209' title='bbox 315 2059 405 2097; x_wconf 76' lang='grc' dir='ltr'>δρῶν,</span> <span class='ocrx_word' id='word_1_210' title='bbox 425 2058 497 2087; x_wconf 82' lang='grc' dir='ltr'>ποῖα</span> <span class='ocrx_word' id='word_1_211' title='bbox 514 2054 540 2087; x_wconf 78' lang='grc' dir='ltr'>δ’</span> <span class='ocrx_word' id='word_1_212' title='bbox 559 2054 760 2094; x_wconf 80' lang='lat' dir='ltr'>Byzantini:</span> <span class='ocrx_word' id='word_1_213' title='bbox 789 2054 829 2085; x_wconf 89' lang='lat' dir='ltr'>cf.</span> <span class='ocrx_word' id='word_1_214' title='bbox 852 2059 876 2088; x_wconf 88' lang='grc' dir='ltr'>Σ</span> <span class='ocrx_word' id='word_1_215' title='bbox 902 2056 940 2086; x_wconf 82' lang='grc' dir='ltr'>τὸ</span> <span class='ocrx_word' id='word_1_216' title='bbox 969 2056 1003 2086; x_wconf 88' lang='grc' dir='ltr'>οὐ</span> <span class='ocrx_word' id='word_1_217' title='bbox 1031 2055 1092 2086; x_wconf 83' lang='grc' dir='ltr'>ἀπὸ</span> <span class='ocrx_word' id='word_1_218' title='bbox 1119 2057 1235 2093; x_wconf 80' lang='grc' dir='ltr'>κοινοῦ,</span> <span class='ocrx_word' id='word_1_219' title='bbox 1253 2054 1286 2085; x_wconf 87' lang='grc' dir='ltr'>τί</span> <span class='ocrx_word' id='word_1_220' title='bbox 1310 2055 1344 2085; x_wconf 81' lang='grc' dir='ltr'>οὐ</span> <span class='ocrx_word' id='word_1_221' title='bbox 1370 2056 1460 2093; x_wconf 84' lang='grc' dir='ltr'>δρῶν·</span> 
     </span>
     <span class='ocr_line' id='line_1_32' title="bbox 125 2097 1461 2140; baseline -0.002 -8"><span class='ocrx_word' id='word_1_222' title='bbox 125 2100 285 2140; x_wconf 76' lang='grc' dir='ltr'>γράφεται</span> <span class='ocrx_word' id='word_1_223' title='bbox 303 2099 337 2131; x_wconf 86' lang='grc' dir='ltr'>δὲ</span> <span class='ocrx_word' id='word_1_224' title='bbox 355 2100 443 2139; x_wconf 78' lang='grc' dir='ltr'>κάγὼ</span> <span class='ocrx_word' id='word_1_225' title='bbox 460 2099 550 2138; x_wconf 82' lang='grc' dir='ltr'>τίμὴ</span> <span class='ocrx_word' id='word_1_226' title='bbox 569 2101 649 2138; x_wconf 81' lang='grc' dir='ltr'>δρῶν</span> <span class='ocrx_word' id='word_1_227' title='bbox 665 2100 739 2129; x_wconf 83' lang='grc' dir='ltr'>ποῖα</span> <span class='ocrx_word' id='word_1_228' title='bbox 756 2097 783 2129; x_wconf 90' lang='grc' dir='ltr'>δ’</span> <span class='ocrx_word' id='word_1_229' title='bbox 800 2110 805 2128; x_wconf 85' lang='lat'><strong>:</strong></span> <span class='ocrx_word' id='word_1_230' title='bbox 830 2098 864 2129; x_wconf 78' lang='grc' dir='ltr'>τί</span> <span class='ocrx_word' id='word_1_231' title='bbox 879 2101 967 2138; x_wconf 77' lang='grc' dir='ltr'>δρῶν.</span> <span class='ocrx_word' id='word_1_232' title='bbox 990 2101 1065 2130; x_wconf 82' lang='grc' dir='ltr'>ποῖα</span> <span class='ocrx_word' id='word_1_233' title='bbox 1089 2098 1116 2129; x_wconf 79' lang='grc' dir='ltr'>δ’</span> <span class='ocrx_word' id='word_1_234' title='bbox 1138 2097 1165 2127; x_wconf 90' lang='grc' dir='ltr'>Ρ</span> <span class='ocrx_word' id='word_1_235' title='bbox 1180 2109 1187 2128; x_wconf 86' lang='lat'>:</span> <span class='ocrx_word' id='word_1_236' title='bbox 1211 2098 1245 2129; x_wconf 86' lang='grc' dir='ltr'>τί</span> <span class='ocrx_word' id='word_1_237' title='bbox 1266 2100 1346 2138; x_wconf 75' lang='grc' dir='ltr'>δρῶν</span> <span class='ocrx_word' id='word_1_238' title='bbox 1370 2099 1461 2129; x_wconf 83' lang='grc' dir='ltr'>ὁποῖα</span> 
     </span>
     <span class='ocr_line' id='line_1_33' title="bbox 127 2139 1461 2184; baseline -0.004 -10"><span class='ocrx_word' id='word_1_239' title='bbox 127 2142 154 2175; x_wconf 89' lang='grc' dir='ltr'>δ’</span> <span class='ocrx_word' id='word_1_240' title='bbox 172 2143 243 2174; x_wconf 85' lang='lat' dir='ltr'>rell.</span> <span class='ocrx_word' id='word_1_241' title='bbox 262 2155 268 2174; x_wconf 90' lang='lat'>:</span> <span class='ocrx_word' id='word_1_242' title='bbox 292 2143 325 2174; x_wconf 83' lang='grc' dir='ltr'>τί</span> <span class='ocrx_word' id='word_1_243' title='bbox 341 2145 422 2184; x_wconf 84' lang='grc' dir='ltr'>δρῶν</span> <span class='ocrx_word' id='word_1_244' title='bbox 435 2144 478 2179; x_wconf 86' lang='grc' dir='ltr'>οὐ,</span> <span class='ocrx_word' id='word_1_245' title='bbox 499 2144 574 2173; x_wconf 76' lang='grc' dir='ltr'>ποῖα</span> <span class='ocrx_word' id='word_1_246' title='bbox 590 2142 616 2173; x_wconf 76' lang='grc' dir='ltr'>δ’</span> <span class='ocrx_word' id='word_1_247' title='bbox 633 2141 687 2171; x_wconf 85' lang='lat' dir='ltr'>alii</span> <span class='ocrx_word' id='word_1_248' title='bbox 707 2141 889 2180; x_wconf 80' lang='lat' dir='ltr'>Byzantini</span> <span class='ocrx_word' id='word_1_249' title='bbox 906 2153 912 2171; x_wconf 92' lang='lat'>:</span> <span class='ocrx_word' id='word_1_250' title='bbox 930 2141 1030 2172; x_wconf 81' lang='lat' dir='ltr'>lectio</span> <span class='ocrx_word' id='word_1_251' title='bbox 1051 2141 1151 2172; x_wconf 84' lang='lat' dir='ltr'>dubia</span> <span class='ocrx_word' id='word_1_252' title='bbox 1167 2152 1172 2171; x_wconf 95' lang='lat'><strong>:</strong></span> <span class='ocrx_word' id='word_1_253' title='bbox 1200 2141 1240 2172; x_wconf 32' lang='lat' dir='ltr'>cf*</span> <span class='ocrx_word' id='word_1_254' title='bbox 1259 2141 1300 2170; x_wconf 81' lang='lat' dir='ltr'>ad</span> <span class='ocrx_word' id='word_1_255' title='bbox 1322 2139 1400 2170; x_wconf 67' lang='lat' dir='ltr'>Hel.</span> <span class='ocrx_word' id='word_1_256' title='bbox 1419 2142 1461 2178; x_wconf 86' lang='lat'>56</span> 
     </span>
     <span class='ocr_line' id='line_1_34' title="bbox 127 2184 1459 2227; baseline -0.003 -10"><span class='ocrx_word' id='word_1_257' title='bbox 127 2188 191 2226; x_wconf 91' lang='lat'>879</span> <span class='ocrx_word' id='word_1_258' title='bbox 217 2186 329 2227; x_wconf 81' lang='grc' dir='ltr'>ἔχθος]</span> <span class='ocrx_word' id='word_1_259' title='bbox 346 2199 397 2227; x_wconf 89' lang='grc' dir='ltr'>γρ.</span> <span class='ocrx_word' id='word_1_260' title='bbox 418 2185 521 2226; x_wconf 84' lang='grc' dir='ltr'>ὄχλον</span> <span class='ocrx_word' id='word_1_261' title='bbox 537 2189 561 2218; x_wconf 87' lang='grc' dir='ltr'>Σ</span> <span class='ocrx_word' id='word_1_262' title='bbox 650 2185 711 2214; x_wconf 86' lang='lat'>881</span> <span class='ocrx_word' id='word_1_263' title='bbox 738 2185 866 2225; x_wconf 83' lang='grc' dir='ltr'>νεκροὺς</span> <span class='ocrx_word' id='word_1_264' title='bbox 885 2184 911 2214; x_wconf 86' lang='grc' dir='ltr'>Ρ</span> <span class='ocrx_word' id='word_1_265' title='bbox 1002 2186 1064 2216; x_wconf 85' lang='lat'>882</span> <span class='ocrx_word' id='word_1_266' title='bbox 1089 2184 1175 2225; x_wconf 74' lang='grc' dir='ltr'>μέλη</span> <span class='ocrx_word' id='word_1_267' title='bbox 1198 2185 1298 2215; x_wconf 84' lang='lat' dir='ltr'><strong>Earle</strong></span> <span class='ocrx_word' id='word_1_268' title='bbox 1396 2184 1459 2222; x_wconf 83' lang='lat'>884</span> 
     </span>
     <span class='ocr_line' id='line_1_35' title="bbox 125 2227 1460 2272; baseline -0.003 -11"><span class='ocrx_word' id='word_1_269' title='bbox 125 2230 172 2272; x_wconf 78' lang='grc' dir='ltr'>τ’]</span> <span class='ocrx_word' id='word_1_270' title='bbox 191 2229 218 2263; x_wconf 80' lang='grc' dir='ltr'>δ’</span> <span class='ocrx_word' id='word_1_271' title='bbox 234 2231 266 2261; x_wconf 95' lang='lat' dir='ltr'>V</span> <span class='ocrx_word' id='word_1_272' title='bbox 368 2228 623 2270; x_wconf 80' lang='grc' dir='ltr'>συγκατασκάψῃ</span> <span class='ocrx_word' id='word_1_273' title='bbox 650 2227 866 2258; x_wconf 77' lang='lat' dir='ltr'><strong>Herwerden</strong></span> <span class='ocrx_word' id='word_1_274' title='bbox 886 2232 919 2258; x_wconf 83' lang='lat' dir='ltr'>et</span> <span class='ocrx_word' id='word_1_275' title='bbox 937 2228 1048 2259; x_wconf 83' lang='lat' dir='ltr'>futuro</span> <span class='ocrx_word' id='word_1_276' title='bbox 1068 2230 1177 2260; x_wconf 84' lang='lat' dir='ltr'>reddit</span> <span class='ocrx_word' id='word_1_277' title='bbox 1196 2234 1220 2262; x_wconf 88' lang='grc' dir='ltr'>Σ</span> <span class='ocrx_word' id='word_1_278' title='bbox 1323 2227 1416 2260; x_wconf 81' lang='grc' dir='ltr'>πόλις</span> <span class='ocrx_word' id='word_1_279' title='bbox 1434 2227 1460 2257; x_wconf 91' lang='lat' dir='ltr'><strong>L</strong></span> 
     </span>
     <span class='ocr_line' id='line_1_36' title="bbox 125 2270 1460 2314; baseline -0.001 -9"><span class='ocrx_word' id='word_1_280' title='bbox 125 2279 159 2306; x_wconf 84' lang='lat' dir='ltr'>et</span> <span class='ocrx_word' id='word_1_281' title='bbox 175 2284 342 2314; x_wconf 82' lang='lat' dir='ltr'>suprascr.</span> <span class='ocrx_word' id='word_1_282' title='bbox 361 2273 393 2303; x_wconf 92' lang='lat' dir='ltr'><strong>A</strong></span> <span class='ocrx_word' id='word_1_283' title='bbox 482 2273 545 2310; x_wconf 84' lang='lat'>885</span> <span class='ocrx_word' id='word_1_284' title='bbox 570 2271 681 2312; x_wconf 82' lang='grc' dir='ltr'>λόγοις</span> <span class='ocrx_word' id='word_1_285' title='bbox 696 2270 728 2301; x_wconf 86' lang='grc' dir='ltr'><strong>Μ</strong></span> <span class='ocrx_word' id='word_1_286' title='bbox 793 2272 842 2303; x_wconf 78' lang='grc' dir='ltr'>τὶς</span> <span class='ocrx_word' id='word_1_287' title='bbox 858 2271 989 2301; x_wconf 83' lang='lat' dir='ltr'>Verrall</span> <span class='ocrx_word' id='word_1_288' title='bbox 1005 2272 1028 2312; x_wconf 61' lang='grc' dir='ltr'>ζ(</span> <span class='ocrx_word' id='word_1_289' title='bbox 1040 2272 1178 2311; x_wconf 77' lang='lat' dir='ltr'><em>quidam</em></span> <span class='ocrx_word' id='word_1_290' title='bbox 1195 2272 1220 2311; x_wconf 79' lang='lat'>⁷)</span> <span class='ocrx_word' id='word_1_291' title='bbox 1238 2284 1244 2302; x_wconf 91' lang='lat'>:</span> <span class='ocrx_word' id='word_1_292' title='bbox 1272 2270 1363 2304; x_wconf 62' lang='lat' dir='ltr'>msV</span> <span class='ocrx_word' id='word_1_293' title='bbox 1379 2283 1387 2302; x_wconf 70' lang='grc' dir='ltr'>ε</span> <span class='ocrx_word' id='word_1_294' title='bbox 1411 2271 1460 2303; x_wconf 78' lang='grc' dir='ltr'>τίς</span> 
     </span>
     <span class='ocr_line' id='line_1_37' title="bbox 126 2314 1459 2357; baseline -0.002 -9"><span class='ocrx_word' id='word_1_295' title='bbox 126 2318 196 2349; x_wconf 88' lang='lat' dir='ltr'>rell.</span> <span class='ocrx_word' id='word_1_296' title='bbox 219 2318 267 2357; x_wconf 78' lang='lat' dir='ltr'>(in</span> <span class='ocrx_word' id='word_1_297' title='bbox 286 2327 349 2347; x_wconf 81' lang='lat' dir='ltr'>ras.</span> <span class='ocrx_word' id='word_1_298' title='bbox 368 2315 412 2356; x_wconf 83' lang='lat' dir='ltr'>A)</span> <span class='ocrx_word' id='word_1_299' title='bbox 429 2327 436 2346; x_wconf 74' lang='grc' dir='ltr'>ε</span> <span class='ocrx_word' id='word_1_300' title='bbox 462 2317 490 2347; x_wconf 88' lang='grc' dir='ltr'>εἶ</span> <span class='ocrx_word' id='word_1_301' title='bbox 505 2317 547 2355; x_wconf 70' lang='grc' dir='ltr'>μὴ</span> <span class='ocrx_word' id='word_1_302' title='bbox 564 2314 675 2354; x_wconf 80' lang='grc' dir='ltr'>λόγοις</span> <span class='ocrx_word' id='word_1_303' title='bbox 692 2327 741 2346; x_wconf 85' lang='grc' dir='ltr'>τις</span> <span class='ocrx_word' id='word_1_304' title='bbox 758 2317 825 2346; x_wconf 80' lang='grc' dir='ltr'>τοῖς</span> <span class='ocrx_word' id='word_1_305' title='bbox 844 2317 947 2353; x_wconf 80' lang='grc' dir='ltr'>ἐμοῖσι</span> <span class='ocrx_word' id='word_1_306' title='bbox 967 2314 1097 2346; x_wconf 82' lang='lat' dir='ltr'>Porson</span> <span class='ocrx_word' id='word_1_307' title='bbox 1224 2315 1288 2345; x_wconf 87' lang='lat'>888</span> <span class='ocrx_word' id='word_1_308' title='bbox 1307 2316 1459 2355; x_wconf 83' lang='grc' dir='ltr'>κανατρέ-</span> 
     </span>
     <span class='ocr_line' id='line_1_38' title="bbox 125 2357 1459 2401; baseline -0.004 -8"><span class='ocrx_word' id='word_1_309' title='bbox 125 2366 242 2401; x_wconf 82' lang='grc' dir='ltr'>ψοντας</span> <span class='ocrx_word' id='word_1_310' title='bbox 261 2360 303 2391; x_wconf 84' lang='lat' dir='ltr'>P:</span> <span class='ocrx_word' id='word_1_311' title='bbox 322 2358 582 2400; x_wconf 81' lang='grc' dir='ltr'>κᾶνατρέψαντας</span> <span class='ocrx_word' id='word_1_312' title='bbox 593 2357 621 2388; x_wconf 86' lang='grc' dir='ltr'>Β</span> <span class='ocrx_word' id='word_1_313' title='bbox 637 2369 643 2387; x_wconf 86' lang='lat'>:</span> <span class='ocrx_word' id='word_1_314' title='bbox 670 2357 949 2398; x_wconf 78' lang='grc' dir='ltr'>κάναστρέψοντας</span> <span class='ocrx_word' id='word_1_315' title='bbox 965 2357 997 2388; x_wconf 85' lang='grc' dir='ltr'><strong>Μ</strong></span> <span class='ocrx_word' id='word_1_316' title='bbox 1011 2359 1035 2388; x_wconf 92' lang='lat' dir='ltr'>L</span> <span class='ocrx_word' id='word_1_317' title='bbox 1052 2370 1059 2391; x_wconf 69' lang='grc' dir='ltr'><strong><em>ε</em></strong></span> <span class='ocrx_word' id='word_1_318' title='bbox 1086 2359 1374 2400; x_wconf 77' lang='grc' dir='ltr'>κᾶναστρέψαντας</span> <span class='ocrx_word' id='word_1_319' title='bbox 1389 2358 1418 2387; x_wconf 89' lang='lat' dir='ltr'>V</span> <span class='ocrx_word' id='word_1_320' title='bbox 1429 2359 1459 2388; x_wconf 90' lang='lat' dir='ltr'><strong>A</strong></span> 
     </span>
    </p>
   </div>
   <div class='ocr_carea' id='block_1_5' title="bbox 125 2400 866 2444">
    <p class='ocr_par' dir='ltr' id='par_1_24' title="bbox 125 2400 866 2444">
     <span class='ocr_line' id='line_1_39' title="bbox 125 2400 866 2444; baseline -0.004 -10"><span class='ocrx_word' id='word_1_321' title='bbox 125 2406 188 2444; x_wconf 89' lang='lat'>889</span> <span class='ocrx_word' id='word_1_322' title='bbox 213 2405 282 2436; x_wconf 82' lang='grc' dir='ltr'>ἐστὶ</span> <span class='ocrx_word' id='word_1_323' title='bbox 300 2405 338 2436; x_wconf 82' lang='grc' dir='ltr'>τὸ</span> <span class='ocrx_word' id='word_1_324' title='bbox 355 2404 452 2436; x_wconf 81' lang='grc' dir='ltr'>κακὸν</span> <span class='ocrx_word' id='word_1_325' title='bbox 470 2402 496 2432; x_wconf 91' lang='grc' dir='ltr'>Ρ</span> <span class='ocrx_word' id='word_1_326' title='bbox 629 2402 692 2441; x_wconf 87' lang='lat'>892</span> <span class='ocrx_word' id='word_1_327' title='bbox 715 2400 770 2442; x_wconf 79' lang='grc' dir='ltr'>τε]</span> <span class='ocrx_word' id='word_1_328' title='bbox 788 2401 822 2433; x_wconf 85' lang='grc' dir='ltr'>δὲ</span> <span class='ocrx_word' id='word_1_329' title='bbox 840 2401 866 2431; x_wconf 93' lang='lat' dir='ltr'>L</span> 
     </span>
    </p>
   </div>
  </div>
 </body>
</html>
