1658 2740
728 108 927 146 ΡΙΙΣΟΣ

526 214 640 269 πύθῃ,
670 213 765 253 κατά
789 230 837 264 με
861 215 934 265 γᾶς

394 280 517 330 ζῶντα
542 280 751 331 πόρευσον·
789 279 833 318 οὐ
857 282 1129 330 παραιτοῦμαι.

163 385 235 421 Ην.
259 382 301 422 τί
322 379 447 421 τοῖσδ’
473 380 648 420 ἀπειλεῖς
673 379 883 431 βάρβαρός
908 396 949 419 τε
975 377 1186 430 βαρβάρου

259 447 416 500 γνώμην
439 447 588 502 ὑφαιρῇ
612 445 683 495 τὴν
710 444 818 496 ἐμήν,
846 444 1006 485 πλέκων
1028 444 1193 496 λόγους,·

261 514 312 554 σὺ
336 512 443 554 ταῦτ’
470 512 652 564 ἔδρασας·
690 511 815 552 οὐδέν’
841 511 889 552 ἂν
914 509 1124 561 δεξαίμεθα
1419 515 1483 554 835

259 579 341 620 οὔθ’
366 581 403 620 οἱ
427 579 612 620 θανόντες
637 577 716 618 οὔτ’
741 577 790 618 ἂν
813 580 849 618 οἱ
875 577 1108 629 τετρωμένοι

259 646 398 686 ἄλλον·
435 649 582 697 μακροῦ
606 662 652 697 γε
676 647 736 685 δεῖ
760 661 806 685 σε
834 645 895 684 καὶ
922 647 1052 696 σοφοῦ
1074 645 1210 696 λόγου,

260 713 335 767 ὅτῳ
359 729 408 762 με
432 713 582 753 πείσεις
605 711 658 763 μὴ
684 712 828 763 φίλους
855 714 1122 755 κατακτανεῖν,

259 780 390 819 ἵππων
414 778 609 830 ἐρασθείς,
637 778 689 817 ὧν
716 778 824 818 ἕκατι
850 777 1080 830 συμμάχους

259 844 350 886 τοὺς
375 844 469 886 σοὺς
494 845 689 897 φονεύεις,
717 844 835 885 πόλλ’
863 842 1115 893 ἐπισκήπτων
1140 846 1292 894 μολεῖν.
1422 846 1485 885 840

258 909 393 961 ἦλθον,
422 913 621 951 τεθνᾶσιν·
659 910 972 963 εὐπρεπέστερον
998 909 1125 962 Πάρις

258 976 392 1028 ξενίαν
417 976 626 1034 κατῄσχυν’
654 974 676 1027 ἢ
703 977 751 1018 σὺ
777 976 1007 1030 συμμάχους
1032 977 1194 1017 κτανών.

323 1043 376 1094 μὴ
402 1043 477 1095 γάρ
501 1061 538 1084 τι
561 1043 681 1100 λέξῃς
706 1045 757 1086 ὥς
780 1061 838 1086 τις
863 1043 1053 1096 Ἀργείων
1077 1044 1212 1094 μολὼν

260 1109 419 1150 διώλεσ’
443 1110 556 1160 ἡμᾶς·
595 1111 651 1152 τίς
678 1110 710 1150 δ’
735 1111 974 1162 ὑπερβαλὼν
999 1110 1146 1163 λόχους

258 1176 406 1228 Τρώων
432 1176 496 1228 ἐφ’
522 1177 620 1226 ἡμᾶς
646 1176 779 1226 ἦλθεν,
808 1176 912 1217 ὥστε
939 1176 999 1216 καὶ
1024 1179 1180 1222 λαθεῖν;
1421 1180 1484 1219 845

259 1241 310 1283 σὺ
333 1242 509 1295 πρόσθεν
533 1242 642 1293 ἡμῶν
666 1242 741 1293 ἦσο
769 1243 830 1283 καὶ
856 1245 1023 1294 Φρυγῶν
1047 1242 1227 1294 στρατός.

260 1309 319 1350 τίς
343 1308 411 1350 οὖν
435 1308 634 1361 τέτρωται,
663 1310 720 1351 τίς
744 1308 906 1364 τέθνηκε
931 1309 1151 1362 συμμάχων

259 1378 338 1416 τῶν
363 1379 458 1422 σῶν,
484 1376 690 1426 μολόντων
715 1377 769 1416 ὧν
795 1376 844 1416 σὺ
871 1377 1072 1426 πολεμίων
1097 1375 1246 1428 λέγεις;

257 1441 369 1493 ἡμεῖς
393 1442 426 1481 δ’
454 1444 544 1484 ἑκὰς
568 1442 790 1494 τετρώμεθ’,
818 1443 854 1483 οἳ
880 1445 921 1484 δὲ
944 1443 1130 1494 μειζόνως

258 1508 450 1551 παθόντες
481 1509 554 1562 οὐχ
578 1510 724 1561 ὁρῶσιν
749 1510 863 1558 ἡλίου
890 1509 1004 1561 φάος.
1423 1513 1487 1551 850

260 1575 396 1616 ἁπλῶς
421 1574 453 1614 δ’
479 1575 655 1627 Ἀχαιῶν
681 1574 804 1614 οὐδέν’
832 1575 1052 1625 αἰτιώμεθα.

259 1641 318 1682 τίς
343 1640 376 1681 δ’
401 1641 449 1681 ἂν
473 1641 671 1694 χαμεύνας
696 1642 898 1691 πολεμίων
923 1640 1006 1680 κατ’
1032 1640 1228 1692 εὐφρόνην

259 1705 402 1757 Ῥήσου
425 1708 559 1757 μολὼν
586 1706 758 1759 ἐξηῦρεν,
786 1709 819 1748 εἰ
842 1706 894 1758 μή
919 1725 978 1750 τις
1003 1711 1103 1747 θεῶν

260 1773 405 1826 ἔφραζε
429 1777 511 1815 τοῖς
538 1777 766 1821 κτανοῦσιν;
805 1773 883 1814 οὐδ’
909 1773 1131 1826 ἀφιγμένον

258 1839 302 1880 τὸ
328 1839 489 1890 πάμπαν
514 1839 627 1896 ᾖσαν·
664 1841 770 1880 ἀλλὰ
795 1841 954 1895 μηχανᾷ
977 1839 1081 1880 τάδε.
1425 1845 1486 1883 855

160 1909 230 1946 Ex.
261 1906 408 1959 χρόνον
431 1909 503 1957 μὲν
528 1906 599 1957 ἤδη
628 1906 874 1959 συμμάχοισι
893 1907 1078 1960 χρώμεθα

259 1973 431 2025 ὅσονπερ
458 1974 500 2013 ἐν
526 1979 576 2030 γῇ
600 1973 683 2031 τῇδ’
709 1973 909 2027 Ἀχαιικὸς
933 1973 1046 2019 λεώς,

201 2065 262 2103 831
289 2066 372 2097 κατά
388 2079 426 2105 με
443 2068 487 2106 ’γᾶ
503 2066 532 2095 V
548 2077 555 2095 ε
579 2067 661 2098 κατὰ
677 2069 738 2107 -γᾶς
754 2080 793 2106 με
813 2066 838 2096 L
851 2065 876 2096 P
896 2068 970 2107 ζ’γᾶς
986 2079 1025 2104 με
1043 2065 1075 2095 in
1093 2076 1155 2097 ras.
1178 2065 1222 2106 L)
1366 2066 1428 2104 832
1452 2067 1486 2097 οὗ

158 2107 246 2140 VL:
272 2110 306 2139 οὐ
323 2110 385 2149 γὰρ
405 2107 443 2138 L2
457 2108 482 2138 P
614 2109 678 2147 834
703 2110 818 2152 ἀφαιρῇ
838 2109 916 2140 Chr.
940 2109 1011 2139 Pat.
1033 2118 1117 2148 2324
1229 2110 1292 2148 835
1317 2107 1419 2140 οὐδέν’
1437 2108 1484 2140 L:

159 2150 251 2183 οὐδὲν
266 2151 333 2181 VP
465 2152 529 2190 836
553 2152 702 2185 θανόντες
719 2153 768 2184 V:
791 2153 947 2192 μαθόντες
966 2153 992 2182 L
1005 2152 1031 2182 P
1150 2153 1212 2191 837
1238 2165 1277 2193 ’γε
1294 2152 1324 2182 V
1337 2152 1382 2181 L:
1407 2151 1443 2183 δὲ
1461 2151 1487 2182 Ρ

159 2196 300 2235 σφοδροῦ
317 2194 395 2225 Chr.
413 2194 485 2225 Pat.
503 2204 588 2234 2325
693 2197 756 2234 842
781 2196 820 2228 σὺ
838 2206 903 2227 om.
925 2195 969 2226 P:
992 2195 1103 2234 suppl.
1119 2201 1143 2235 p
1248 2196 1311 2233 843
1335 2195 1440 2235 λέξεις
1455 2195 1487 2226 V

159 2238 224 2276 844
248 2236 291 2277 δ’]
306 2238 344 2268 ἂν
357 2237 474 2268 Nauck
562 2239 626 2277 846
649 2239 730 2279 ἡμᾶς
746 2239 790 2272 P:
816 2250 900 2271 corr.
913 2245 938 2279 p
1027 2240 1134 2278 847-8
1159 2238 1272 2269 malim
1288 2240 1321 2269 ἐν
1334 2238 1428 2279 λόχῳ
1440 2242 1486 2280 τῷ

160 2283 208 2321 σῷ
223 2280 277 2310 vel
295 2285 466 2321 συγγενῶν
481 2285 544 2313 τῶν
562 2285 627 2314 σῶν
726 2284 790 2321 848
816 2283 857 2315 ὧν
875 2283 984 2313 Bothe
999 2294 1006 2313 z
1033 2284 1072 2315 ὡς
1090 2282 1186 2314 codd.
1279 2281 1342 2321 849
1367 2281 1392 2313 δ’
1412 2282 1486 2315 ἑκὰς

159 2323 300 2363 scripsi:
326 2324 359 2355 δὲ
376 2326 427 2356 καὶ
446 2326 544 2357 codd.
642 2326 770 2366 μείζονα
788 2327 939 2367 Elmsley
1073 2327 1132 2365 851
1160 2327 1301 2367 Ἀχαιῶν
1319 2325 1418 2358 οὐδέν’
1438 2325 1484 2357 L:

159 2366 301 2407 Ἀχαιῶν
316 2367 408 2399 οὐδὲν
426 2367 471 2399 P:
497 2367 645 2408 Ἀχαιοὺς
662 2369 752 2401 οὐδὲν
769 2370 799 2400 V
926 2371 988 2409 852
1013 2372 1051 2402 ἂν
1067 2375 1110 2403 Σ;
1137 2370 1175 2402 αὖ
1193 2370 1291 2401 codd.
1315 2374 1348 2400 et
1363 2369 1485 2400 lemma

159 2411 275 2440 scholii
366 2412 429 2449 855
448 2412 522 2443 ῑσαν
537 2412 561 2442 L
578 2424 584 2442 :
606 2415 680 2444 ἴσαν
695 2413 720 2442 Ρ
794 2415 938 2454 μηχαναὶ
954 2413 1136 2452 Musgmve
1229 2414 1289 2452 857
1310 2414 1442 2453 ἀχαϊκὺς
1454 2412 1485 2442 V
