1658 2740
661 125 943 162 ΟΡΕΣΤΙΙΣ

507 229 570 269 ἐπὶ
596 230 760 281 σφαγὰν
786 228 946 269 ἔτεινον·
983 228 1007 267 ’ὰ
1032 228 1064 267 δ’

505 297 546 336 ἐκ
572 295 761 347 θαλάμων

504 362 662 415 ἐγένετο
688 362 826 414 διαπρὸ
852 361 1040 413 δωμάτων
1379 376 1464 407 1495

505 429 692 482 ἄφαντος,
720 427 749 468 ὦ
776 432 851 470 Ζεῦ
878 429 938 469 καὶ
964 431 1015 481 γᾶ

504 496 566 536 καὶ
593 499 677 548 φῶς
704 496 766 536 καὶ
790 495 872 546 νύξ,

503 562 588 614 ἤτοι
614 561 884 615 φαρμάκοισιν
909 559 933 613 ἢ

501 629 638 681 μάγων
662 628 821 682 τέχναις
845 626 868 679 ἦ
895 632 995 670 θεῶν
1021 633 1197 671 κλοπαῖς.

500 697 547 736 τὰ
573 695 605 735 δ’
630 695 762 748 ὕστερ’
789 695 914 736 οὐκέτ’
941 695 1039 736 οἶδα·
1079 699 1168 748 δρα-

234 762 355 814 πέτην
381 767 456 816 γὰρ
481 761 716 813 ἐξέκλεπτον
743 763 784 803 ἐκ
809 763 939 814 δόμων
964 764 1076 803 πόδα.

500 829 705 870 πολύπονα
730 831 771 870 δὲ
796 830 1003 870 πολύπονα
1027 829 1155 870 πάθεα
1379 841 1462 871 1500

436 895 647 938 Μενέλεως
672 896 949 949 ἀνασχόμενος
975 897 1166 946 ἀνόνητον
1192 896 1234 935 ἀ-

433 962 483 1003 πὸ
507 964 652 1015 Τροίας
678 963 802 1013 ἔλαβε
828 962 895 1003 τὸν
920 962 1090 1004 Ἑλένας
1115 961 1255 1014 γάμον.

130 1031 203 1069 Χο.
299 1030 361 1070 καὶ
385 1028 463 1081 μὴν
488 1030 649 1080 ἀμείβει
675 1028 808 1069 καινὸν
833 1030 875 1069 ἐκ
902 1032 1045 1069 καινῶν
1069 1030 1171 1069 τόδε·

296 1095 523 1149 ξιφηφόρον
548 1097 623 1147 γὰρ
648 1096 790 1147 εἰσορῶ
816 1094 890 1147 πρὸ
916 1094 1104 1146 δωμάτων

297 1157 480 1214 βαίνοντ’
505 1160 701 1213 Ὀρέστην
728 1161 953 1216 ἐπτοημένῳ
979 1162 1080 1202 ποδί.
1375 1173 1455 1203 1505

129 1230 205 1282 Ορ.
230 1232 305 1271 ποῦ
330 1228 433 1270 ’στιν
458 1229 572 1271 οὗτος
596 1227 638 1271 ὃς
663 1227 863 1281 πέφευγεν
888 1230 929 1269 ἐκ
954 1228 1083 1279 δόμων
1107 1227 1250 1279 τούμὸν
1276 1225 1411 1279 ξίφος;

129 1299 203 1348 Φρ.
230 1299 437 1348 προσκυνῶ
465 1295 516 1342 σ’,
544 1294 653 1346 ἄναξ,
681 1295 840 1346 νόμοισι
863 1294 1113 1348 βαρβάροισι
1137 1295 1406 1347 προσπίτνων.

128 1364 201 1415 Ορ.
227 1362 295 1403 οὐκ
321 1364 363 1403 ἐν
388 1362 491 1417 Ἰλίῳ
517 1362 599 1402 τάδ’
626 1363 749 1409 ἐστίν,
777 1361 869 1403 ἀλλ’
895 1362 938 1402 ἐν
962 1360 1124 1416 Ἀργείᾳ
1149 1361 1275 1415 χθονί.

129 1432 203 1481 Φρ.
230 1433 433 1483 πανταχοῦ
459 1429 525 1480 ζῆν
548 1429 620 1480 ἡδὺ
645 1432 801 1480 μᾶλλον
825 1425 848 1479 ἢ
876 1431 1009 1470 θανεῖν
1033 1432 1115 1470 τοῖς
1141 1429 1363 1481 σώφροσιν.

129 1498 201 1547 Ορ.
228 1496 310 1536 οὔτι
335 1512 408 1536 που
435 1494 606 1548 κραυγὴν
631 1495 772 1546 ἔθηκας
798 1495 989 1550 Μενέλεῳ
1014 1498 1271 1547 βοηδρομεῖν;
1374 1507 1454 1537 1510

129 1565 203 1614 Φρ.
230 1563 294 1602 σοὶ
317 1564 388 1613 μὲν
413 1562 481 1603 οὖν
506 1561 622 1615 ἔγωγ’
648 1562 823 1613 ἀμύνειν·
861 1561 1073 1614 ἀξιώτερος
1095 1563 1172 1614 γὰρ
1197 1561 1242 1602 εἶ.

128 1631 202 1680 Ορ.
231 1629 389 1671 ἐνδίκως
414 1629 437 1680 ἡ
462 1627 700 1681 Τυνδάρειος
725 1629 801 1680 ἆρα
826 1632 917 1671 παῖς
943 1629 1126 1676 διώλετο,·

128 1698 202 1747 Φρ.
229 1694 463 1741 ἐνδικώτατ’,
490 1696 527 1736 εἴ
549 1712 594 1747 γε
618 1695 783 1746 λαιμοὺς
809 1695 893 1748 εἶχε
917 1695 1153 1748 τριπτύχους
1179 1697 1324 1735 θανεῖν.

127 1764 200 1813 Ορ.
228 1762 354 1815 δειλίᾳ
379 1762 550 1817 γλώσσῃ
575 1761 728 1817 χαρίζῃ,
756 1761 898 1802 τᾶνδον
924 1761 997 1814 οὐχ
1022 1762 1120 1801 οὕτω
1147 1764 1318 1813 φρονῶν.

127 1830 201 1880 Φρ.
227 1827 272 1868 οὐ
295 1827 383 1880 γάρ,
411 1827 493 1878 ἥτις
517 1826 683 1868 Ἑλλάδ’
710 1827 843 1869 αὐτοῖς
869 1827 995 1879 Φρυξὶ
1020 1825 1299 1878 διελυμήνατο;
1368 1839 1450 1870 1515

127 1897 200 1947 Ορ.
228 1895 472 1945 ὄμοσον-εἰ
498 1896 539 1934 δὲ
563 1893 629 1946 μή,
658 1897 778 1935 κτενῶ
805 1893 963 1945 σε-μῆ
989 1893 1124 1946 λέγειν
1150 1893 1246 1945 ἐμὴν
1270 1892 1399 1947 χάριν.

172 1997 252 2026 1494
280 1989 314 2019 ἐκ
332 1986 482 2026 θαλάμων
495 1986 560 2017 del.
574 1986 805 2018 Wilamowitz
910 1995 989 2025 1495
1015 1987 1052 2024 δὴ
1064 1986 1124 2027 πρὸ
1137 1985 1162 2015 L
1267 1985 1349 2024 1498
1373 1983 1450 2025 τέχ-

127 2042 231 2062 ναισιν
247 2040 332 2061 rece.
451 2040 534 2069 1499
558 2032 592 2062 οὐ
610 2030 742 2062 κάτοιδα
758 2030 908 2071 (κατοῖδα
924 2029 974 2070 Μ)
995 2029 1027 2059 Μ
1041 2028 1069 2059 Β
1190 2037 1268 2066 1501
1294 2027 1450 2067 μενέλαος

126 2074 221 2105 codd.
373 2083 455 2112 1502
493 2072 606 2111 ἑλένης
637 2073 663 2103 L
823 2082 904 2112 1504
942 2073 1004 2113 ’γὰρ
1033 2074 1068 2104 ἐκ
1095 2071 1310 2112 προδωμάτων
1336 2073 1450 2111 εἰσορῶ

127 2117 154 2147 L
281 2118 363 2156 1506
388 2117 504 2156 incipit
522 2126 637 2147 rursus
654 2116 685 2146 V
804 2118 922 2155 τούμὸν
940 2118 975 2148 ἐκ
992 2115 1097 2155 δόμων
1113 2115 1141 2145 Ρ
1268 2124 1348 2154 1507
1373 2119 1450 2155 βαρ-

125 2160 234 2200 βάροις
274 2161 306 2190 Μ
327 2161 374 2191 L:
417 2162 621 2202 βαρβαρικοῖς
664 2159 690 2189 Ρ
823 2159 1032 2200 προσπίπτων
1070 2158 1172 2190 codd.
1187 2168 1211 2189 :—
1235 2168 1319 2188 corr.
1359 2167 1445 2188 rece.

129 2212 212 2242 1510
235 2206 383 2244 κραυγεῖν
407 2202 440 2233 Μ
529 2202 692 2242 μενέλεων
718 2202 750 2234 Η
777 2208 811 2233 et
835 2202 1154 2233 Thessalonicensis
1304 2210 1382 2240 1511
1409 2201 1451 2233 σὺ

126 2245 179 2277 M:
220 2255 304 2278 corr.
334 2245 384 2276 M2
493 2246 548 2278 οὖν
578 2256 642 2277 om.
680 2246 706 2276 L
870 2254 954 2284 1512
987 2246 1044 2286 ἄρα
1074 2244 1149 2275 VP
1258 2244 1367 2286 ἀνάξια
1397 2244 1449 2276 καὶ

124 2290 303 2330 τραγῳδίας
320 2290 371 2321 καὶ
388 2291 446 2327 τῆς
462 2288 617 2329 Ὀρέστου
635 2292 799 2330 συμφορᾶς
826 2291 867 2320 τὰ
883 2288 1046 2329 λεγόμενα
1073 2292 1098 2322 Σ
1201 2297 1281 2327 1514
1305 2289 1403 2319 οὕτως
1421 2286 1448 2318 L

128 2342 208 2372 1515
235 2335 359 2365 αὐτοῖσι
375 2331 445 2363 VA
458 2332 483 2362 L
495 2332 522 2363 P
658 2333 741 2371 1516
764 2336 866 2364 κτενῶ
881 2332 934 2363 V:
957 2335 1064 2365 κτανῶ
1081 2331 1152 2362 rell.

1260 2387 1317 2416 14*
