1658 2740
623 131 969 169 ΕΥΡΙΠΙΔΟΥ

233 235 323 276 ἀλλ’
347 236 416 286 ἥδε
441 234 591 287 πατέρα
615 234 752 287 νέρθεν
778 234 1097 285 ἀνακαλούμενον

231 303 298 342 οὐκ
325 300 486 351 ἀξιώσει
510 305 577 342 τὸν
601 302 693 354 πρὶν
719 300 1003 342 εὐκλεέστατον

233 372 356 409 κακῶς
382 368 559 408 ἀκοῦσαι·
598 369 708 420 κυρία
733 368 807 421 γάρ
834 370 920 409 ἐστι
944 372 1024 409 νῦν.

297 432 326 473 ὦ
351 433 497 486 νέρτερ’
516 432 647 484 ἸΑιδη,
676 436 738 476 καὶ
763 437 810 475 σε
836 435 1044 487 σύμμαχον
1071 437 1190 479 καλῶ,

230 500 272 542 ὃς
297 500 416 540 πόλλ’
443 500 563 551 ἐδέξω
588 500 700 551 τῆσδ’
727 501 835 542 ἕκατι
861 502 1022 552 σώματα
1395 513 1458 546 970

229 567 406 607 πεσόντα
430 567 544 621 τώμῷ
564 564 774 622 φασγάνῳ,
800 567 944 619 μισθὸν
970 567 1002 607 δ’
1026 566 1146 620 ἔχεις·

228 630 251 682 ἢ
277 637 344 673 νῦν
370 634 541 675 ἐκείνους
568 635 713 676 ἀπόδος
738 635 942 687 ἐμψύχους
967 633 1100 680 πάλιν,

229 695 252 749 ἦ
276 698 393 749 τήνδε
417 702 563 752 πατρὸς
590 700 780 751 εὐσεβοῦς
807 701 1036 753 ἀνάγκασον

229 767 402 817 κρείσσω
429 770 628 818 φανεῖσαν
653 766 757 817 τάμά
782 767 819 819 γ’
844 768 1059 807 ἀποδοῦναι
1082 766 1197 820 λέχη.

228 833 261 872 εἰ
286 831 318 871 δ’
345 833 413 882 ἐμὲ
438 835 604 884 γυναῖκα
628 832 699 883 τὴν
726 833 823 883 ἐμὴν
842 832 1053 883 συλήσετε,
1393 844 1456 876 975

226 898 250 939 ἅ
276 916 340 939 σοι
367 898 584 951 παρέλιπεν
611 899 678 949 ἥδε
703 903 780 940 τῶν
806 901 951 952 λόγων,
979 899 1135 952 φράσω.

228 967 356 1017 ὅρκοις
383 964 600 1022 κεκλῄμεθ’,
629 966 680 1008 ὡς
703 965 842 1022 μάθῃς,
869 965 898 1006 ὦ
924 965 1106 1018 παρθένε,

226 1035 380 1083 πρῶτον
405 1034 478 1082 μὲν
505 1033 636 1073 ἐλθεῖν
662 1034 724 1072 διὰ
747 1032 878 1086 μάχης
908 1033 967 1086 σῷ
994 1033 1189 1086 συγγόνῳ·

227 1099 404 1138 κάκεῖνον
429 1095 452 1148 ἦ
478 1098 539 1149 ’μὲ
565 1101 625 1139 δεῖ
649 1101 796 1139 θανεῖν·
836 1101 986 1140 ἁπλοῦς
1010 1099 1144 1150 λόγος.

224 1161 272 1214 ἦν
297 1164 329 1204 δ’
355 1166 395 1206 ἐς
419 1166 492 1215 μὲν
519 1164 644 1215 ἀλκὴν
671 1164 722 1216 μὴ
748 1164 833 1206 πόδ’
859 1165 996 1222 ἀντιθῇ
1021 1166 1123 1211 ποδί,
1391 1169 1456 1208 980

223 1232 325 1286 λιμῷ
348 1233 389 1271 δὲ
418 1231 515 1286 θηρᾷ
542 1231 697 1282 τύμβον
724 1231 942 1272 ἱκετεύοντε
964 1232 1032 1277 νώ,

225 1301 379 1338 κτανεῖν
410 1297 590 1338 δέδοκται
616 1297 733 1348 τήνδε
756 1315 824 1349 μοι
849 1297 999 1338 κᾶπειτ’
1028 1297 1122 1349 ἐμὸν

223 1364 319 1416 πρὸς
344 1364 447 1416 ἧπαρ
474 1362 574 1405 ὦσαι
602 1366 792 1416 δίστομον
818 1362 934 1417 ξίφος
959 1365 1049 1405 τόδε

221 1431 373 1482 τύμβου
399 1430 456 1471 ’πὶ
482 1431 621 1473 νώτοις
649 1431 766 1478 τοῦδ’,
795 1431 843 1471 ἵν’
869 1432 1033 1482 αἵματος
1057 1430 1144 1483 ῥοαὶ

221 1497 350 1550 τάφου
376 1497 667 1547 καταστάζωσι·
710 1499 952 1549 κεισόμεσθα
978 1499 1019 1538 δὲ
1391 1501 1455 1539 985

221 1565 343 1616 νεκρὼ
369 1564 425 1604 δύ’
457 1562 546 1614 ἑξῆς
571 1564 660 1619 τῷδ’
691 1565 753 1605 ἐπὶ
778 1563 904 1618 ξεστῷ
931 1563 1059 1619 τάφῳ,

222 1630 415 1671 ἀθάνατον
441 1630 564 1682 ἄλγος
591 1631 668 1677 σοί,
699 1631 828 1683 ψόγος
854 1633 896 1672 δὲ
922 1632 980 1686 σῷ
1002 1631 1130 1682 πατρί.

221 1697 264 1736 οὐ
289 1699 363 1749 γὰρ
389 1701 509 1749 γαμεῖ
531 1695 638 1747 τήνδ’
666 1698 753 1737 οὔτε
782 1697 977 1749 σύγγονος
1003 1697 1121 1737 σέθεν

220 1762 298 1803 οὔτ’
323 1762 446 1805 ἄλλος
471 1763 610 1804 οὐδείς·
653 1763 745 1804 ἀλλ’
775 1764 850 1816 ἐγώ
878 1763 950 1815 σφ’
977 1762 1186 1814 ἀπάξομαι,

222 1831 255 1869 εἰ
279 1829 329 1880 μὴ
357 1829 452 1881 πρὸς
477 1831 605 1871 οἴκους
634 1829 831 1881 δυνάμεθ’,
860 1831 966 1870 ἀλλὰ
992 1829 1089 1882 πρὸς
1114 1828 1284 1881 νεκρούς.
1391 1841 1458 1871 990

286 1896 326 1935 τί
348 1899 486 1943 ταῦτα;
528 1897 704 1948 δακρύοις
735 1898 772 1938 ἐς
797 1896 842 1936 τὸ
869 1899 968 1946 θῆλυ
992 1896 1232 1948 τρεπόμενος

221 1962 372 2004 ἐλεινὸς
397 1961 444 2012 ἦν
471 1961 518 2002 ἂν
545 1965 703 2013 μᾶλλον
729 1960 752 2013 ἦ
779 1962 1025 2015 δραστήριος.

162 2065 225 2093 973
241 2064 311 2093 seq.
339 2055 359 2092 ἢ
376 2052 464 2093 τήνδ’
483 2054 670 2095 ἀνάγκασόν
686 2054 897 2096 ’γεβεὺσεβοῦς
913 2056 1031 2097 πατρὸς
1049 2055 1188 2097 κρείσσω
1207 2057 1362 2095 φανεῖσαν
1380 2054 1454 2093 τᾶμ’

121 2099 289 2130 ἀποδοῦναι
317 2097 404 2138 λέχη
431 2098 522 2128 LP:
559 2099 699 2128 traieci:
735 2100 779 2138 μὴ
808 2101 964 2136 εὐσεβοῦς
991 2100 1107 2140 πατρὸς
1133 2099 1225 2136 ἥσσω
1253 2098 1454 2128 Hermann:

120 2147 188 2171 tum
206 2140 278 2181 τᾶμ’
298 2143 363 2180 ἐμοὶ
383 2143 489 2173 δοῦναι
511 2141 630 2181 Pssugk
737 2152 799 2180 977
823 2143 1006 2183 κεκλήιμεθ’
1025 2147 1060 2172 ut
1077 2142 1212 2171 videtur
1228 2140 1385 2180 primitus
1404 2141 1429 2170 L
1448 2152 1455 2171 ε

121 2185 289 2224 κεκλήμεθ’
320 2183 401 2215 L⁴²P
581 2185 646 2223 980
671 2187 702 2217 ἐς
727 2185 781 2215 hic
813 2186 838 2215 L
853 2185 878 2214 P
989 2185 1058 2217 πόδ’
1088 2185 1261 2215 Brodeau:
1286 2183 1358 2216 πότ’
1383 2184 1410 2213 L
1429 2183 1454 2213 P

120 2228 179 2265 981
206 2229 298 2266 λιμὸν
318 2228 344 2257 P
489 2231 567 2269 θηρᾷ
584 2228 712 2257 Canter
731 2239 736 2257 :
763 2231 860 2269 θηρᾶν
886 2229 912 2258 L
928 2228 954 2258 P
1108 2230 1172 2267 982
1195 2227 1287 2266 τήνδ’
1306 2229 1371 2267 ἐμοὶ
1391 2227 1416 2256 L
1429 2227 1456 2257 P

119 2271 182 2309 984
207 2274 301 2302 τοῦδε
321 2272 347 2301 L
487 2272 550 2310 985
576 2270 804 2310 καταστάζωσι
823 2270 864 2300 L2
880 2271 940 2301 1³⁸3:
965 2271 1203 2310 καταστάζουσι
1223 2271 1286 2300 LP
1375 2275 1454 2300 ante

120 2324 181 2352 991
203 2314 386 2344 Theonoae
405 2318 484 2344 ante
501 2324 565 2352 992
585 2313 730 2344 Menelai
749 2320 828 2344 nota
845 2315 878 2344 in
906 2315 940 2353 P,
959 2319 991 2344 ct
1017 2314 1158 2355 δακρύεις
1183 2324 1243 2354 pro
1268 2313 1410 2355 δακρύοις
1428 2318 1454 2353 p

121 2367 181 2396 991
210 2357 403 2398 τερπόμενος
432 2357 480 2388 Ρ;
516 2366 600 2387 corr.
622 2362 646 2396 p
822 2368 885 2397 992
920 2359 1058 2389 ἐλεεινὸς
1093 2358 1118 2387 L
1139 2358 1164 2387 P
