1658 2740
676 70 962 110 ΟΡΕΣΤΙΙΣ

256 177 393 225 χαλῶν
417 174 567 214 ὑπείκοι
593 175 726 227 καιρὸν
753 175 1062 226 εὐλαβούμενος,

257 240 352 281 ἴσως
378 239 425 280 ἂν
453 241 718 282 ἐκπνεύσειεν·
760 239 807 292 ἣν
833 242 865 281 δ’
891 243 964 299 ἀνῇ
992 244 1125 290 πνοάς,
1414 261 1478 290 700

253 306 386 359 τύχοις
412 307 458 347 ἂν
484 307 601 348 αὐτοῦ
624 309 763 363 ῥᾳδίως
788 311 886 350 ὅσον
913 309 1053 351 θέλεις.

255 373 386 413 ἔνεστι
412 373 444 413 δ’
470 374 612 421 οἶκτος,
640 374 698 415 ἔνι
725 378 765 416 δὲ
793 376 854 416 καὶ
883 376 1001 427 θυμὸς
1027 376 1162 429 μέγας,

254 444 528 491 καραδοκοῦντι
553 443 678 492 κτῆμα
703 442 955 493 τιμιώτατον.

252 507 378 546 ἐλθὼν
405 509 444 547 δὲ
469 507 701 560 Τυνδάρεών
727 508 770 550 τέ
798 525 864 550 σοι
889 509 1128 563 πειράσομαι

252 573 370 613 πόλιν
395 576 435 614 τε
458 577 590 614 πεῖσαι
616 576 669 614 τῶ
695 576 786 617 λίαν
870 578 991 617 τ”σθαι
1018 581 1158 620 καλῶς.
1410 594 1474 624 705

251 640 312 679 καὶ
338 643 429 682 ναῦς
455 642 528 693 γὰρ
554 642 764 693 ἐνταθεῖσα
793 643 889 694 πρὸς
913 644 1009 693 βίαν
1037 644 1127 684 ποδὶ

250 705 420 758 ἔβαψεν,
449 707 544 757 ἔστη
571 707 604 747 δ’
631 708 753 755 αὖθις,
784 706 830 759 ἢν
857 716 964 765 χαλᾷ
990 711 1102 750 πόδα.

247 777 361 822 μισεῖ
383 774 456 825 γὰρ
483 774 501 812 ὁ
526 776 612 816 θεὸς
639 777 708 817 τὰς
733 775 836 827 ἄγαν
865 778 1092 828 προθυμίας,

247 842 410 889 μισοῦσι
435 839 466 880 δ’
493 841 622 881 ἀστοί·
665 845 726 882 δεῖ
751 842 794 882 δέ
820 842 991 894 μ’-οὐκ
1017 843 1151 885 ἄλλως
1175 843 1340 895 λέγω-

248 903 389 959 σῴζειν
415 924 461 947 σε
489 908 627 962 σοφίᾳ,
654 908 708 959 μὴ
739 911 811 963 βίᾳ
838 913 916 950 τῶν
943 911 1201 961 κρεισσόνων.
1408 925 1470 954 710

247 972 347 1028 ἀλκῇ
373 972 416 1012 δέ
442 973 479 1011 σ’
506 973 584 1013 σῦκ’
599 973 658 1020 ἄν,
688 973 712 1031 ᾗ
737 976 786 1015 σὺ
817 976 994 1026 δοξάζεις
1020 979 1128 1023 ἴσως,

246 1038 417 1090 σώσαιμ’
442 1038 503 1079 ἄν·
543 1040 588 1080 οὐ
614 1042 688 1092 γὰρ
714 1040 848 1096 ῥᾴδιον
877 1044 1009 1098 λόγχῃ
1034 1049 1104 1098 μιᾷ

242 1107 389 1156 στῆσαι
414 1110 580 1157 τροπαῖα
605 1111 682 1148 τῶν
705 1112 831 1149 κακῶν
861 1108 885 1149 ὅ,
911 1126 976 1149 σοι
1001 1109 1118 1161 πάρα.

251 1171 295 1212 οὐ
320 1171 394 1224 γάρ
419 1172 505 1213 ποτ’
526 1172 699 1226 ’Ἄργους
729 1179 845 1226 γαῖαν
871 1177 912 1217 ἐς
936 1175 981 1215 τὸ
1006 1176 1211 1227 μαλθακὸν

245 1240 569 1291 προσηγόμεσθα·
610 1245 676 1282 νῦν
697 1241 729 1282 δ’
760 1242 982 1294 ἀναγκαίως
1009 1244 1105 1297 ἔχει.
1407 1257 1468 1289 715

244 1303 461 1357 [δούλοισιν
486 1307 586 1348 εἶναι
612 1311 693 1350 τοῖς
724 1313 892 1361 σοφοῖσι
918 1311 986 1360 τῆς
1010 1307 1146 1363 τύχης]

140 1374 213 1424 Ορ.
240 1371 269 1413 ‹T›
295 1372 401 1424 πλὴν
425 1374 608 1426 γυναικὸς
634 1375 777 1416 οὕνεκα
803 1380 1089 1428 στρατηλατεῖν

241 1439 356 1480 τᾶλλ’
382 1440 506 1487 οὐδέν,
534 1439 563 1481 ὦ
592 1441 756 1483 κάκιστε
780 1446 963 1495 τιμωρεῖν
989 1443 1137 1494 φίλοις,

243 1507 403 1559 φεύγεις
428 1508 702 1561 ἀποστραφείς
728 1526 788 1560 με,
816 1511 863 1549 τὰ
889 1509 921 1549 δ’
946 1509 1242 1562 Ἀγαμέμνονος
1405 1523 1467 1552 720

243 1573 399 1625 φροῦδ’;
438 1574 584 1628 ἄφιλος
610 1574 700 1626 ἦσθ’
728 1575 800 1627 ἄρ’,
829 1574 858 1616 ὦ
885 1575 1020 1628 πάτερ,
1047 1576 1243 1629 πράσσων
1271 1580 1406 1619 κακῶς.

238 1640 356 1690 οἴμοι,
384 1641 633 1693 προδέδομαι,
668 1641 816 1682 κούκέτ’
844 1644 947 1684 εἰσὶν
972 1644 1144 1690 ἐλπίδες,

239 1707 330 1747 ὅποι
354 1708 596 1760 τραπόμενος
623 1708 792 1749 θάνατον
822 1708 1015 1761 Ἀργείων
1041 1709 1169 1761 φύγω·

238 1772 351 1816 οὗτος
375 1776 450 1827 γὰρ
475 1773 523 1825 ἧν
547 1792 612 1826 μοι
641 1775 846 1828 καταφυγὴ
877 1775 1086 1828 σωτηρίας.

309 1840 400 1882 ἀλλ’
428 1842 569 1893 εἰσορῶ
596 1844 670 1895 γὰρ
695 1842 809 1883 τόνδε
840 1843 1035 1895 φίλτατον
1060 1847 1217 1894 βροτῶν
1402 1855 1464 1886 725

179 1936 246 1975 699
270 1935 389 1967 ὑπείκει
409 1934 435 1964 L
451 1939 484 1964 et
501 1935 653 1974 primitus
673 1934 699 1964 P
859 1945 922 1974 700
946 1935 985 1973 ἢν
1005 1934 1143 1965 Nauck:
1169 1935 1246 1966 ὅταν
1263 1934 1360 1967 codd.
1379 1945 1386 1964 ε
1411 1936 1465 1967 ὅτε

138 1977 323 2010 Kirchhoff
463 1988 523 2016 702
549 1977 675 2009 ἔνεστιν
691 1978 796 2010 οἶκτος
815 1977 853 2015 Β,
875 1978 1017 2008 sortasse
1035 1982 1126 2009 recte
1226 1978 1297 2009 ἔστι
1315 1977 1349 2009 δὲ
1367 1979 1417 2010 καὶ
1434 1978 1465 2008 Α

138 2032 200 2061 704
223 2021 382 2063 τυνδάρεω
399 2021 427 2050 V
440 2021 465 2050 L
543 2021 593 2052 σοί
609 2035 645 2052 τε
665 2021 690 2051 L
770 2023 872 2053 ἐλθὼν
890 2022 950 2063 ’γὰρ
969 2022 1034 2061 ἐγώ
1052 2021 1104 2052 σοί
1119 2022 1301 2061 Τυνδάρεων
1318 2021 1465 2062 πειράσο-

135 2078 190 2103 μαι
208 2070 232 2100 Σ
252 2066 284 2096 Μ
443 2074 503 2103 705
530 2064 625 2096 πόλιν
642 2088 648 2094 .
670 2088 676 2094 .
696 2088 702 2094 .
722 2063 784 2104 τῷ]
802 2064 896 2096 πόλει
916 2089 922 2095 .
943 2088 949 2095 .
971 2089 977 2095 .
996 2064 1098 2096 7·th
1122 2075 1208 2096 corr.
1230 2074 1249 2095 v
1337 2065 1460 2104 πεῖσαι]

136 2109 251 2141 πείθων
267 2108 360 2139 Weil
461 2111 552 2140 λεΐαν
571 2107 603 2137 Μ
621 2119 627 2138 :
653 2118 735 2138 corr.
756 2106 804 2137 Μ2
823 2107 974 2149 (μετρίως
991 2109 1130 2148 χρῆσθαι
1147 2112 1191 2148 τῷ
1208 2108 1281 2139 λίαν
1298 2107 1407 2138 reddit
1423 2108 1463 2148 Σ)

138 2161 200 2189 710
223 2151 413 2193 κρειττόνων
426 2151 452 2180 L
537 2161 598 2190 714
620 2164 670 2192 γρ.
687 2151 737 2183 καὶ
750 2151 849 2192 χωρὶς
862 2152 920 2182 τοῦ
935 2150 1091 2191 ἇ,”Αρ’γου
1102 2154 1210 2192 γαῖαν·
1230 2149 1463 2192 Ἀριστοφάνης

136 2194 171 2227 δὲ
194 2197 277 2234 μετὰ
300 2197 357 2227 τοῦ
383 2197 404 2226 ὗ
427 2198 451 2227 Σ
620 2203 680 2233 715
707 2193 948 2235 προσηγόμεσθ’
974 2195 1011 2226 ἄν
1037 2194 1215 2231 Schaeser:
1251 2204 1370 2225 sensus
1393 2199 1462 2225 est:

140 2239 148 2255 ‘
159 2249 334 2278 nunquam
351 2248 431 2269 sane
445 2236 632 2268 solebamus
644 2237 792 2278 Argivos
804 2237 852 2268 ad
865 2237 1026 2268 lenitatem
1045 2237 1217 2269 adducere'
1312 2238 1373 2276 716
1397 2237 1460 2268 del.

138 2281 286 2313 Dindorf
446 2281 506 2320 718
530 2282 641 2313 τᾶλλα
656 2280 684 2312 δ’
702 2280 793 2312 οὐδὲν
808 2280 839 2310 Μ
855 2281 881 2311 L
1043 2291 1100 2318 721
1128 2279 1175 2322 ἄρ’
1191 2291 1258 2313 om.
1275 2280 1322 2312 V:
1348 2281 1424 2312 add.
1445 2291 1464 2311 v

137 2335 198 2363 723
223 2325 293 2357 ὅποι
312 2324 338 2355 L
354 2336 360 2355 z
385 2325 446 2367 ὅπῃ
463 2324 476 2354 l
492 2324 563 2355 rell.
711 2334 770 2363 724
794 2324 967 2365 σωτηριάςᾎι
987 2326 1044 2361 τῆς
1063 2327 1226 2365 συμφορᾶς
1242 2324 1463 2356 Taurinensis

137 2372 170 2398 et
188 2370 351 2408 συμφορὰς
368 2381 419 2408 γρ.
442 2367 473 2397 Μ
492 2379 499 2398 :
523 2369 688 2408 συμφορᾶς
705 2376 873 2407 suprascr.
894 2378 935 2398 v:
960 2367 1114 2408 σωτήριος
1133 2368 1158 2399 F
1293 2414 1307 2443 1

224 2421 303 2443 tun.
325 2422 374 2443 111.
1313 2416 1330 2443 2
