1658 2740
655 88 1002 127 ΕΥΡΙΠΙΔΟΥ

258 192 353 231 ὅσαι
377 191 409 231 δ’
434 191 608 238 ἄπεισιν,
635 190 682 242 ἐξ
703 193 817 244 ὅρους
841 192 1076 244 θηράσομαι,

259 254 361 306 ΓΙνώ
387 256 420 296 τ’
446 257 622 310 Ἀγαύην
648 257 695 304 θ’,
725 258 749 308 ἥ
772 257 812 309 μ’
840 258 956 299 ἔτικτ’
982 259 1152 313 Ἐχίονι,

258 322 487 366 Ἀκταίονός
512 342 555 366 τε
579 324 728 377 μητέρ’,
758 325 958 376 Αὐτονόην
982 325 1119 378 λέγω]
1422 343 1483 373 230

257 390 319 430 καὶ
345 393 454 442 σφᾶς
481 394 661 444 σιδηραῖς
687 392 865 444 ἁρμόσας
891 393 933 433 ἐν
957 392 1122 445 ἄρκυσιν

255 457 395 497 παύσω
423 458 641 510 κακούργου
667 461 790 509 τῆσδε
813 459 1008 512 βακχείας
1031 458 1149 512 τάχα.

321 522 488 576 λέγουσι
512 524 545 564 δ’
573 526 626 568 ὥς
649 543 708 568 τις
734 524 970 575 εἰσελήλυθε
993 525 1118 577 ξένος,

254 590 349 641 γόης
375 592 522 645 ἐπῳδὸς
541 593 688 634 Λυδίας
714 593 792 633 ἀπὸ
816 593 972 646 χθονός,

253 655 436 706 ξανθοῖσι
460 658 758 711 βοστρύχοισιν
786 659 965 710 εὐοσμῶν
991 659 1126 710 κόμην,
1420 673 1483 704 235

253 724 424 765 οἰνῶπας
448 725 591 766 ὄσσοις
615 724 781 778 χάριτας
806 724 1045 778 Ἀφροδίτης
1069 726 1186 780 ἔχων,

253 788 296 832 ὃς
320 789 466 842 ἡμέρας
490 807 533 832 τε
561 790 784 844 κεύφρόνας
809 793 1068 844 συγγίγνεται

252 858 414 899 τελετὰς
439 858 657 910 προτείνων
685 857 813 902 εὐίους
837 858 1029 900 νεάνισιν.

255 924 287 963 εἰ
312 922 345 963 δ’
372 923 489 965 αὐτὸν
516 925 612 966 ε’ίσω
640 927 765 976 τῆσδε
790 924 973 978 λήψομαι
998 925 1156 979 στέγης,

254 989 392 1030 παύσω
418 995 638 1032 κτυποῦντα
665 992 814 1044 θύρσον
839 993 1076 1033 ἀνασείοντά
1099 1009 1142 1033 τε
1419 1007 1484 1039 240

254 1056 386 1108 κόμας,
412 1057 616 1112 τράχηλον
647 1059 832 1110 σώματος
857 1059 978 1113 χωρὶς
1002 1060 1142 1111 τεμών.

320 1125 466 1167 ἐκεῖνος
493 1124 596 1165 εἶναί
619 1131 726 1177 φησι
755 1127 955 1167 Διόνυσον
981 1127 1083 1172 θεόν,

255 1192 404 1232 ἐκεῖνος
429 1192 471 1232 ἐν
495 1195 604 1246 μηρῷ
636 1191 720 1233 ποτ’
747 1192 943 1252 ἐρράφθαι
970 1193 1080 1239 Διός,

253 1256 296 1299 ὃς
322 1259 553 1310 ἐκπυροῦται
578 1258 791 1310 λαμπάσιν
818 1261 1037 1310 κεραυνίαις

253 1323 326 1364 σὺν
350 1324 477 1376 μητρί,
508 1326 630 1367 Δίους
656 1325 717 1365 ὅτι
742 1325 891 1377 γάμους
917 1326 1131 1378 ἐψεύσατο.
1424 1341 1484 1372 245

184 1399 212 1445 g'i
250 1390 356 1430 ταῦτ’
380 1391 470 1444 οὐχὶ
496 1394 626 1442 δεινῆς
652 1393 829 1446 ἀγχόνης
854 1391 938 1432 ἔστ’
963 1391 1065 1443 ἄξια,
1115 1393 1139 1499 Ι
1171 1382 1199 1427 7

252 1458 388 1509 ὕβρεις
412 1457 601 1509 ὑβρίζειν,
631 1459 743 1501 ὅστις
770 1458 880 1499 ἔστιν
907 1459 928 1498 ὁ
953 1457 1083 1509 ξένος;
1200 1449 1204 1456 α

322 1558 418 1608 ἀτὰρ
443 1557 522 1598 τόδ’
547 1557 650 1598 ἄλλο
677 1561 818 1609 θαῦμα,
846 1558 915 1599 τὸν
941 1560 1190 1611 τερασκόπον

252 1626 294 1664 ἐν
320 1625 540 1665 ποικίλαισι
565 1626 727 1677 νεβρίσι
755 1626 970 1677 Τειρεσίαν
996 1626 1070 1678 ὁρῶ

252 1690 401 1742 πατέρα
425 1708 467 1732 τε
491 1691 638 1743 μητρὸς
663 1694 731 1742 τῆς
761 1692 1044 1742 ἐμῆς-πολὺν
1070 1691 1258 1745 γέλωνὴ
1419 1708 1483 1738 250

256 1757 418 1809 νάρθηκι
442 1758 695 1811 βακχεύοντ’·
738 1759 959 1809 ἀναίνομαι,
989 1758 1123 1812 πάτερ,

253 1824 298 1864 τὸ
323 1826 444 1876 γῆρας
468 1825 576 1876 ὑμῶν
604 1826 771 1877 εἰσορῶν
801 1829 892 1866 νοῦν
919 1825 985 1866 οὐκ
1012 1827 1118 1879 ἔχον.

254 1891 322 1931 οὐκ
348 1890 595 1942 ἀποτινάξεις
623 1892 785 1944 κισσόν;
829 1892 897 1932 οὐκ
924 1892 1134 1945 ἐλευθέραν

255 1958 400 2010 θύρσου
424 1957 611 2009 μεθήσεις
636 1958 753 2012 χεῖρ’,
785 1960 881 2010 ἐμῆς
904 1959 1050 2012 μητρὸς
1075 1958 1217 2011 πάτερ;

324 2025 374 2064 σὺ
399 2025 504 2066 ταῦτ’
531 2025 706 2073 ἔπεισας,
738 2026 938 2078 Τειρεσία·
976 2026 1080 2067 τόνδ’
1105 2027 1152 2067 αὖ
1177 2026 1306 2068 θέλεις
1423 2038 1484 2070 255

200 2127 263 2156 229
287 2119 358 2149 οἶνώ
376 2118 529 2157 primitus
549 2118 575 2148 L
685 2118 808 2159 ἀγαυήν
823 2123 972 2158 oxytone
990 2124 1024 2149 ut
1041 2119 1151 2149 solent
1170 2119 1196 2149 L
1209 2119 1235 2150 P
1253 2130 1259 2149 :
1275 2130 1340 2150 non
1354 2123 1487 2150 notatur

157 2160 301 2199 amplius
397 2171 549 2201 229-230
568 2162 632 2192 del.
652 2162 828 2192 Collmann
845 2174 851 2192 :
875 2163 916 2193 cf.
935 2172 996 2201 337
1087 2172 1150 2202 233
1176 2164 1215 2195 ὥς
1239 2176 1287 2195 τις
1305 2162 1462 2194 Musurus
1479 2174 1486 2193 ι

157 2204 246 2236 ὅστις
272 2204 335 2234 LP
448 2215 511 2244 235
546 2208 690 2245 εὐοσμῶν
719 2206 873 2244 Τ)“ι”ι“ε]1;
910 2209 1046 2245 εὔοσμον
1074 2206 1138 2236 LP
1255 2208 1319 2245 236
1351 2208 1486 2239 οἰνῶπας

157 2247 328 2286 Scaliger:
360 2249 476 2280 οἶνωπά
493 2249 522 2280 τ’
543 2249 568 2279 L
585 2261 591 2279 :
609 2249 741 2280 οἷνωπάς
759 2249 788 2280 τ’
810 2248 836 2278 Ρ
853 2259 859 2278 :
884 2249 1026 2288 οἷνωπός,
1048 2249 1178 2280 Barnes
1277 2249 1364 2282 ὅσοις
1390 2249 1416 2280 Ρ
1434 2250 1485 2290 (τε

155 2290 188 2330 ’γ’
200 2291 309 2323 ὄσσοις
320 2294 357 2331 p)
502 2302 566 2331 243
592 2292 739 2333 ἐρράφθαι
767 2292 894 2323 Reiske
914 2304 921 2323 :
954 2292 1072 2334 ἐρράφη
1102 2293 1166 2323 LP
1312 2294 1376 2331 246
1399 2293 1486 2324 δεινὰ

158 2334 323 2373 κάγχόνης
352 2334 428 2365 Mau
521 2337 632 2376 ἐπάξια
652 2335 805 2374 Elmslcy
945 2346 1006 2375 247
1026 2341 1205 2376 suspectus
1224 2335 1484 2367 Wilamowitzio

158 2378 221 2414 248
247 2378 351 2409 ἄλλον
371 2378 396 2407 Ρ
507 2388 566 2417 251
594 2379 818 2419 βακχεύοντας
837 2379 849 2408 l
956 2389 1018 2418 252
1037 2380 1123 2420 ἔχων
1140 2379 1295 2419 primitus
1315 2380 1340 2409 L
