1658 2740
650 108 997 146 ΕΥΡΙΠΙΔΟΥ

259 209 396 259 λαίφει
421 209 537 248 πνοαὶ
565 209 746 261 γένοιντο
773 211 834 251 καὶ
860 212 955 253 νεὼς
980 213 1131 263 δρόμος.

160 276 235 314 Me.
257 275 382 314 ἔσται·
424 275 566 317 πόνους
587 277 663 329 γὰρ
690 279 870 328 δαίμονες
895 278 1099 319 παύσουσί
1117 296 1204 329 μου.
1398 294 1480 325 1075

256 341 352 392 ἀτὰρ
378 342 548 382 θανόντα
575 347 644 383 τοῦ
668 343 710 395 μ’
738 345 838 396 ἐρεῖς
862 345 1114 396 πεπυσμένη,·

158 409 230 446 Ελ.
258 410 343 446 σοῦ·
383 407 444 447 καὶ
468 409 587 458 μόνος
614 427 661 461 γε
688 409 821 463 φάσκε
846 414 1054 463 διαφυγεῖν
1077 413 1200 465 μόρον

254 472 422 525 Ἀτρέως
448 474 582 516 πλέων
611 476 685 517 σὺν
711 478 819 518 παιδὶ
845 478 907 517 καὶ
932 478 1090 518 θανόνθ’
1115 479 1222 530 ὁρᾶν.

156 541 230 579 λΙε.
255 540 316 580 καὶ
339 539 416 590 μὴν
441 540 523 581 τάδ’
552 542 848 595 ἀμφίβληστρα
873 545 1055 595 σώματος
1077 544 1176 597 ῥάκη

253 604 568 658 ξυμμαρτυρήσει
597 614 789 650 ναυτικῶν
816 611 1008 662 ἐρειπίων.
1398 618 1480 648 1030

153 673 225 711 Ελ.
253 673 293 713 ἐς
319 672 452 724 καιρὸν
479 672 589 723 ἦλθε,
618 676 708 715 τότε
733 675 766 715 δ’
791 675 916 728 ἄκαιρ’
941 677 1165 718 ἀπώλλυτο·

248 737 292 777 τὸ
318 738 350 778 δ’
374 738 514 780 ἄθλιον
541 740 635 781 κεῖν’
662 741 821 795 εὐτυχὲς
845 742 932 795 τάχ’
958 743 1005 784 ἂν
1031 743 1162 784 πέσοι.

151 806 226 843 Mc.
249 804 394 855 πότερα
421 804 454 845 δ’
483 807 521 848 ἐς
548 808 676 849 οἴκους
704 808 768 847 σοὶ
794 813 1069 850 συνεισελθεῖν
1092 827 1141 861 με
1165 811 1240 864 χρὴ

247 866 270 920 ἦ
297 870 392 923 πρὸς
419 871 534 927 τάφῳ
560 873 650 928 τῷδ’
676 874 822 927 ἥσυχοι
849 876 1074 926 καθώμεθα;

148 938 221 976 Ελ.
250 938 367 978 αὐτοῦ
393 938 491 989 μέν’·
533 936 581 989 ἣν
607 942 681 991 γὰρ
709 943 775 981 καί
795 958 832 982 τι
858 942 1089 993 πλημμελές
1115 961 1162 984 σε
1187 944 1271 998 δρᾷ,
1395 950 1475 988 1085

247 1003 376 1056 τάφος
403 1005 441 1043 σ’
468 1005 522 1045 ὅδ’
550 1005 598 1046 ἂν
623 1006 788 1058 ῥύσαιτο
815 1007 1026 1060 φάσγανόν
1051 1026 1095 1050 τε
1120 1011 1205 1051 σόν.

246 1071 322 1122 ἐγὼ
349 1070 380 1110 δ’
407 1072 446 1113 ἐς
472 1073 601 1114 οἴκους
625 1075 740 1123 βᾶσα
764 1075 1016 1128 βοστρύχους
1041 1080 1143 1127 τεμῶ

246 1136 411 1178 πέπλων
438 1155 481 1179 τε
507 1143 659 1180 λευκῶν
683 1139 858 1190 μέλανας
883 1141 1181 1193 ἀνταλλάξομαι

245 1204 391 1260 παρῇδί
414 1203 446 1243 τ’
475 1206 598 1258 ὄνυχα
627 1207 769 1258 φόνιον
795 1208 960 1258 ἐμβαλῶ
985 1209 1117 1261 χροός.

243 1269 365 1322 μέγας
390 1272 464 1323 γὰρ
491 1272 612 1324 ἁγών,
641 1272 704 1312 καὶ
729 1273 870 1324 βλέπω
897 1274 964 1314 δύο
986 1274 1122 1327 ῥοπάς·
1390 1290 1473 1321 1090

242 1333 266 1386 ἦ
292 1338 367 1389 γὰρ
391 1340 525 1378 θανεῖν
553 1341 613 1379 δεῖ
635 1338 687 1389 μ’,
715 1336 763 1390 ἣν
789 1341 871 1380 ἁλῶ
895 1342 1135 1395 τεχνωμένη,

242 1399 265 1452 ἢ
292 1404 458 1455 πατρίδα
481 1404 515 1443 τ’
546 1406 678 1446 ἐλθεῖν
705 1407 768 1447 καὶ
793 1406 867 1448 σὸν
892 1409 1068 1448 ἐκσῶσαι
1093 1408 1224 1459 δέμας.

310 1468 339 1509 ὦ
365 1470 491 1511 πότνι’
517 1470 541 1521 ἢ
571 1473 732 1513 Δίοισιν
759 1475 801 1514 ἐν
826 1472 1006 1526 λέκτροις
1031 1476 1179 1516 πίτνεις

235 1534 355 1588 ξῬΙρα,
383 1536 439 1576 δύ’
465 1539 605 1590 οἰκτρὼ
635 1539 734 1591 φῶτ’
761 1539 966 1593 ἀνάψυξον
991 1541 1134 1588 πόνων,

241 1603 435 1653 αἰτούμεθ’
466 1604 583 1655 ὀρθᾶς
615 1605 765 1647 ὠλένας
790 1606 886 1659 πρὸς
912 1607 1075 1659 οὐρανὸν
1388 1621 1470 1654 1095

238 1669 426 1719 ῥίπτονθ’,
457 1669 505 1710 ἵν’
531 1672 651 1713 οἰκεῖς
681 1672 858 1725 ἀστέρων
881 1674 1134 1724 ποικίλματα.

240 1735 292 1774 σύ
317 1735 364 1781 θ’,
390 1735 414 1786 ἢ
440 1736 495 1776 ’πὶ
523 1737 636 1792 τώμῷ
668 1738 814 1781 κάλλος
840 1738 992 1789 ἐκτήσω
1018 1739 1144 1795 γάμῳ,

240 1802 330 1853 κόρη
360 1802 515 1853 Διώνης
542 1805 686 1856 Κύπρι,
715 1805 766 1856 μή
791 1805 831 1856 μ’
859 1804 1066 1862 ἐξεργάσῃ.

239 1866 327 1909 ἅλις
351 1870 392 1908 δὲ
417 1870 542 1919 λύμης
570 1871 616 1920 ἥν
644 1871 684 1921 μ’
711 1871 889 1922 ἐλυμήνω
915 1872 1037 1925 πάρος

237 1934 408 1985 τοῦνομα
436 1937 706 1990 παρασχοῦσ’,
736 1937 780 1977 οὐ
804 1938 849 1977 τὸ
875 1939 986 1990 σῶμ’,
1017 1940 1058 1979 ἐν
1082 1938 1320 1992 βαρβάροις.
1377 1954 1466 1976 1100

238 2003 370 2041 θανεῖν
395 2001 427 2040 δ’
455 2003 576 2044 ἔασόν
603 2003 655 2055 μ’,
686 2006 718 2045 εἰ
746 2008 994 2046 κατακτεῖναι
1021 2005 1161 2052 θέλεις,

238 2068 278 2106 ἐν
303 2068 351 2122 γῇ
378 2067 544 2124 πατρῴα.
623 2072 664 2112 τί
686 2072 771 2112 ποτ’
797 2071 1002 2122 ἄπληστος
1027 2072 1064 2112 εῖ
1087 2077 1227 2119 κακῶν,

183 2154 265 2184 1080
283 2158 442 2188 ναυτικοῖς
459 2158 603 2198 ἐρειπίοις
617 2158 720 2198 Paley
833 2160 915 2190 1082
934 2162 1076 2201 εὐτυχῶς
1091 2160 1240 2200 Blaydes
1340 2162 1420 2199 1083
1438 2162 1465 2193 δ’

137 2196 169 2226 in
193 2207 256 2227 ras.
287 2198 319 2226 in
340 2198 383 2229 L:
416 2199 477 2230 fuit
504 2200 647 2231 sortasse
675 2202 809 2243 πότερον
862 2205 926 2245 χρὴ
954 2204 1002 2234 P:
1035 2204 1120 2245 χρῆν
1145 2204 1374 2244 suprascripto
1400 2205 1420 2243 ἦ
1437 2204 1466 2235 L

140 2241 221 2278 1085
255 2241 419 2279 πλημελὲς
450 2243 496 2275 L:
531 2245 718 2284 πληιιιμελὲς
744 2255 841 2276 eraso
868 2259 889 2278 σ
915 2247 969 2276 vel
993 2260 1017 2286 γ
1035 2247 1061 2277 Ρ
1224 2248 1308 2287 1089
1340 2249 1465 2289 παρηΐδι

138 2283 164 2312 L
179 2283 205 2312 P
316 2284 410 2324 χερός
435 2285 559 2323 jacobs
720 2298 802 2328 1090
826 2290 913 2329 ἀγὼν
938 2289 1004 2319 LP
1116 2290 1177 2322 δύω
1202 2291 1228 2321 L
1244 2291 1290 2321 P:
1323 2290 1466 2322 fortasse

137 2328 223 2358 δυοῖν
346 2338 422 2366 1091
451 2332 502 2361 δεῖ
516 2341 579 2360 om.
602 2331 628 2361 P
768 2342 850 2371 1095
875 2333 971 2374 ὀργὰς
989 2333 1035 2364 P:
1062 2344 1146 2364 corr.
1161 2339 1186 2373 p
1320 2336 1403 2374 1096
1418 2337 1464 2377 ῥι-

137 2369 265 2401 πτοῦνθ’
293 2370 318 2400 L
344 2370 446 2411 (corr.
468 2372 654 2413 Elmsleyfi:
681 2376 825 2416 ῥιπτοῦσ’
849 2375 874 2405 Ρ
997 2386 1077 2415 1097
1102 2377 1212 2418 Ὑάμῳ]
1239 2381 1324 2418 κακῷ
1350 2378 1466 2410 Nauck

141 2414 223 2453 1098
250 2413 344 2456 κούρη
364 2414 428 2444 LP
520 2427 601 2456 1099
624 2419 655 2455 μ’
674 2429 738 2450 om.
761 2418 786 2449 P
