1658 2740
182 1041 257 1080 Xo.

229 1400 310 1438 1679
333 1410 363 1430 v.
383 1400 521 1431 multum
538 1401 736 1432 sollicitatus

182 1444 353 1483 ὁμογενοῦς
373 1444 519 1474 canter:
543 1447 736 1486 μονογενοῦς
756 1445 781 1475 L
794 1445 820 1475 P

182 1487 313 1525 ’γνώμην
331 1486 565 1518 Wilamowitz

538 139 885 176 ΕΥΡΙΠΙΔΟΥ
945 140 1160 177 ΕΛΕΝΗ

287 241 350 281 καὶ
376 246 428 296 τῷ
456 240 636 298 πλανήτῃ
664 242 855 297 Μενέλεῳ
882 245 981 283 θεῶν
1006 242 1112 295 πάρα

283 307 466 360 μακάρων
493 313 685 350 κατοικεῖν
710 310 833 360 νῆσόν
859 311 945 350 ἐστι
967 310 1176 362 μόρσιμον·

284 375 374 416 τοὺς
400 375 571 428 εὐγενεῖς
596 378 670 428 γὰρ
696 376 740 417 οὐ
766 380 958 429 στυγοῦσι
983 377 1175 427 δαίμονες,

283 444 361 481 τῶν
386 441 419 481 δ’
444 441 715 494 ἀναριθμήτων
740 444 898 495 μᾶλλόν
923 445 1026 484 εἰσιν
1052 445 1088 483 οἱ
1113 443 1238 484 πόνοι.

249 539 258 548 .
286 505 314 547 ὦ
341 511 454 549 παῖδε
480 508 612 560 Λήδας
640 509 702 549 καὶ
729 511 838 557 Διός,
865 511 913 550 τὰ
936 512 1009 561 μὲν
1034 509 1157 562 πάρος

284 574 392 625 νείκη
417 574 577 625 μεθήσω
606 580 724 627 σφῶν
751 576 991 628 κασιγνήτης
1015 576 1116 628 πέρι·

283 641 360 692 ἐγὼ
386 641 418 680 δ’
444 641 622 693 ἀδελφὴν
649 642 774 683 οὐκέτ’
798 642 846 683 ἂν
872 643 1045 694 κτάνοιμ’
1072 641 1182 693 ἐμήν.

285 707 391 757 κείνη
417 707 450 748 δ’
475 709 543 748 ἴτω
569 708 666 760 πρὸς
696 709 817 756 οἶκον,
846 710 879 750 εἰ
905 712 1008 751 Θεοῖς
1033 713 1150 750 δοκεῖ.

284 774 397 814 ἴστον
422 773 454 814 δ’
480 775 644 826 ἀρίστης
674 775 1014 828 σωφρονεστάτης
1038 775 1072 815 θ’
1097 775 1178 827 ἅμα

283 839 422 892 γεγῶτ’
444 841 623 893 ἀδελφῆς
652 843 864 894 ὁμογενοῦς
890 841 961 894 ἀφ’
986 843 1162 893 αἵματος.

285 907 346 947 καὶ
371 907 522 960 χαίρεθ’
547 907 715 959 Ἑλένης
743 908 867 949 οὕνεκ’
895 908 1177 961 εὐγενεστάτης

282 973 452 1025 γνώμης,
479 973 500 1014 ὃ
526 980 696 1018 πολλαῖς
723 977 765 1016 ἐν
791 975 969 1029 γυναιξὶν
995 975 1062 1016 οὐκ
1088 976 1159 1017 ἔνι.

418 1042 567 1082 πολλαὶ
592 1043 744 1096 μορφαὶ
769 1047 846 1084 τῶν
872 1044 1096 1094 δαιμονίων,

416 1110 549 1148 πολλὰ
575 1108 607 1148 δ’
635 1109 815 1151 ἀέλπτως
841 1110 1044 1161 κραίνουσι
1069 1110 1163 1150 θεοί·

418 1175 480 1215 καὶ
505 1177 553 1215 τὰ
580 1176 781 1227 δοκηθέντ’
807 1177 876 1217 οὐκ
903 1175 1107 1226 ἐτελέσθη,

416 1245 492 1282 τῶν
517 1242 550 1282 δ’
576 1242 776 1294 ἀδοκήτων
802 1244 925 1296 πόρον
949 1243 1041 1295 ηὗρε
1066 1243 1166 1284 θεός.

480 1309 624 1350 τοιόνδ’
650 1309 782 1362 ἀπέβη
808 1311 896 1350 τόδε
921 1313 1093 1362 πρᾶγμα.

185 1539 331 1569 &erasum
350 1531 484 1562 videtur
500 1530 610 1571 τέλος)
629 1531 655 1561 L
671 1542 678 1562 :
701 1531 794 1564 τέλος
814 1533 970 1574 εὺριπῖὃου
989 1532 1101 1570 ἑλένης
1120 1532 1144 1562 Ρ

1429 514 1510 544 1680

1428 845 1510 883 1685

1428 1179 1511 1219 1690

912 1403 992 1441 1685
1019 1403 1159 1442 ἀδελφοῦ
1177 1407 1212 1432 ut
1228 1402 1296 1432 vid.
1315 1401 1362 1431 P:
1386 1411 1470 1432 corr.
1487 1406 1510 1440 p

984 1447 1066 1476 1686
1091 1447 1142 1478 καὶ
1156 1456 1219 1477 om.
1241 1445 1267 1475 P

1428 1446 1508 1482 1687

727 1490 804 1526 1691
833 1487 922 1530 εὗρεν
940 1488 965 1519 Ρ
983 1489 1117 1519 subscr.
1139 1500 1220 1519 nam
1240 1489 1397 1530 εὐριπίδου
1413 1487 1509 1526 ἑλένη
