1658 2740
664 116 1006 154 ΕΥΡΙΠΙΔΟΥ

266 225 335 261 νῦν
361 220 393 261 δ’
418 220 531 262 οὐδέν
558 222 647 272 εἰμι,
676 224 780 273 παρὰ
806 224 847 263 δὲ
872 226 954 264 τοῖς
981 222 1272 274 στρατηλάταις

270 289 312 327 ἐν
339 287 499 339 εὐμαρεῖ
520 305 568 338 με
594 291 690 340 δρᾶν
715 305 756 328 τε
785 289 846 329 καὶ
871 289 923 340 μὴ
951 292 1045 341 δρᾶν
1073 294 1209 332 κακῶς.

262 353 351 407 τάχ’
378 356 528 395 εἵσεται
554 356 727 407 σίδηρος,
756 355 801 396 ὃν
826 356 918 408 πρὶν
943 358 982 398 ἐς
1008 357 1169 409 Φρύγας

270 422 413 467 ἐλθεῖν,
441 417 598 473 Τφόνου
624 426 785 472 κηλῖσιν
811 418 973 473 αἵματιῨ
997 426 1144 476 χρανῶ,

270 488 305 527 εἵ
327 488 384 529 τίς
407 505 456 538 με
480 487 552 538 τὴν
578 488 654 538 σὴν
682 488 862 542 θυγατέρ’
889 488 1149 541 ἐξαιρήσεται.

340 553 431 594 ἀλλ’
457 554 647 607 ἡσύχαζε·
688 555 775 598 θεὸς
800 557 878 607 ἐγὼ
904 555 1063 608 πέφηνά
1089 573 1155 596 σοι

267 619 470 672 μέγιστος,
498 621 566 660 οὐκ
593 622 658 661 ὤν·
699 621 790 662 ἀλλ
816 623 920 672 ὅμως
944 639 1175 675 γενησομαι.

167 689 239 727 Χο.
266 685 467 737 ἔλεξας,
444 691 473 726 ὼ
499 691 572 727 παῖ
597 687 778 737 Πηλέως,
807 692 879 728 σοῦ
903 688 936 727 τ’
961 688 1050 739 ἄξια

268 754 330 794 καὶ
355 770 422 803 της
448 754 608 795 ἐναλίας
635 755 831 804 δαίμονος,
861 771 960 805 σεμι
964 772 1009 805 11⁵
1034 758 1134 795 θεοῦ.

169 822 241 859 Κλ.
264 823 352 872 φεῦ·

267 890 347 928 πῶς
372 885 419 926 ἄν
445 885 484 926 σ’
512 886 764 937 ἐπαινέσαιμι
789 886 841 938 μὴ
867 887 960 927 λίαν
982 888 1131 939 λόγοις,

265 952 353 1002 μηδ’
380 952 514 1002 ἐνδεὴς
540 952 644 993 τοῦδ’
671 952 915 1004 ἀπολέσαιμι
939 953 1010 1003 τὴν
1035 953 1170 1006 χάριν;

266 1019 488 1070 αἰνούμενοι
514 1021 588 1071 γὰρ
616 1022 652 1060 οἱ
679 1020 821 1071 ἀγαθοὶ
847 1020 992 1071 τρόπον
1018 1022 1105 1061 τινὰ

266 1090 431 1136 μισοῦσι
455 1086 545 1128 τοὺς
572 1087 792 1133 αἰνοῦντας,
821 1083 868 1136 ἣν
894 1086 1031 1127 αἷνῶσ’
1056 1086 1168 1139 ἄγαν.

265 1153 507 1206 αἰσχύνομαι
531 1155 572 1193 δὲ
602 1153 876 1205 παραφέρουσ’
904 1153 1078 1205 οἰκτροὺς
1103 1154 1261 1205 λόγους,

267 1220 344 1273 ἰδίᾳ
369 1223 557 1260 νοσοῦσα·
598 1219 647 1259 σὺ
675 1219 708 1259 δ’
734 1219 879 1261 ἄνοσος
906 1223 1033 1259 κακῶν
1059 1221 1173 1270 ἐμῶν.

267 1285 358 1326 ἀλλ’
384 1286 450 1326 οὖν
476 1286 559 1339 ἔχει
584 1303 644 1326 τοι
673 1288 822 1339 σχῆμα,
852 1285 923 1326 κᾶν
948 1285 1104 1326 ἄπωθεν
1128 1285 1152 1342 ᾗ

259 1351 354 1404 ἀνὴρ
380 1353 400 1392 ὁ
424 1353 610 1406 χρηστός,
641 1355 930 1405 δυστυχοῦντας
956 1352 1139 1404 ὠφελεῖν.

264 1420 407 1471 οἴκτιρε
433 1418 465 1459 δ’
489 1420 603 1470 ἡμᾶς’
643 1420 777 1471 οἰκτρὰ
804 1420 878 1471 γὰρ
904 1419 1168 1470 πεπόνθαμεν

263 1484 285 1535 ἢ
312 1489 443 1537 πρῶτα
467 1485 539 1536 μέν
566 1503 613 1527 σε
639 1485 824 1538 γαμβρὸν
850 1484 1016 1535 οἰηθεῖσ’
1043 1486 1161 1538 ἔχειν,

265 1552 379 1602 κενὴν
406 1552 604 1606 κατέσχον
630 1552 772 1593 ἐλπίδ’·
812 1550 896 1592 εἶτά
923 1568 988 1591 σοι
1014 1550 1118 1605 τάχα

263 1620 368 1670 ὅρνις
393 1619 537 1671 γένοιτ’
563 1619 609 1659 ἂν
635 1622 742 1659 τοῖσι
766 1618 987 1669 μέλλουσιν
1012 1616 1151 1671 γάμοις

263 1685 422 1726 θανοῦσ’
449 1685 520 1737 ἐμὴ
548 1689 650 1732 παῖς,
678 1686 700 1725 ὅ
732 1702 779 1726 σε
805 1684 1064 1738 φυλάξασθαι
1088 1686 1228 1739 χρεών.

329 1751 419 1792 ἀλλ’
446 1753 486 1792 εὖ
510 1755 582 1802 μὲν
609 1753 735 1806 ἀρχὰς
761 1751 884 1798 εἶπας,
917 1752 957 1792 εὖ
983 1754 1023 1792 δὲ
1051 1753 1113 1792 καὶ
1138 1751 1245 1802 τέλη·

263 1823 336 1859 σοῦ
362 1820 436 1871 γὰρ
462 1818 648 1861 θέλοντος
674 1822 765 1861 παῖς
793 1818 865 1869 ἐμὴ
894 1818 1133 1869 σωθήσεται.

327 1886 458 1942 βούλῃ
484 1903 544 1926 νιν
572 1885 692 1927 ἱκέτιν
725 1885 797 1927 σὸν
823 1885 1054 1938 περιπτύξαι
1079 1887 1192 1938 γόνυ,·

262 1952 529 2005 ἀπαρθένευτα
554 1955 626 2004 μὲν
652 1953 749 1994 τάδ’·
792 1955 825 1993 εἰ
851 1953 893 1994 δέ
919 1970 984 1993 σοι
1009 1956 1126 1999 δοκεῖ,

203 2046 268 2085 968
292 2045 325 2077 δὲ
345 2046 544 2078 Hermann.
538 2058 545 2065 ·
567 2060 606 2088 γε
626 2048 651 2077 L
667 2047 693 2077 P
802 2049 867 2086 969
889 2060 927 2086 με
946 2047 1135 2077 Tournier:
1160 2060 1196 2078 τε
1217 2047 1241 2077 L
1254 2046 1280 2076 P

1425 371 1491 404 970

1424 702 1487 736 975

1422 1093 1489 1134 980

1422 1426 1483 1465 985

1425 1765 1486 1797 990

1383 2049 1484 2078 κακῶς

161 2089 358 2120 Kimhhoff:
383 2094 487 2122 καλῶς
508 2091 532 2120 L
548 2060 590 2120 Py
706 2101 771 2130 970
796 2091 923 2132 σίδηρος
942 2090 982 2120 L2
997 2090 1057 2122 1³²:
1084 2090 1213 2131 σίδηρον
1231 2090 1257 2119 Ρ
1272 2094 1305 2120 et
1320 2094 1354 2119 ut
1371 2089 1434 2120 vid.
1457 2089 1483 2119 L

152 2143 218 2187 971
245 2133 369 2174 αἵματι]
394 2133 538 2165 fortasse
561 2135 697 2173 αἱματὶν,
721 2134 750 2164 si
773 2133 879 2164 foxma
903 2143 986 2163 sana
1008 2132 1047 2164 cf.
1072 2133 1175 2164 Arist
1202 2133 1313 2164 Color.
1339 2135 1416 2171 797³
1441 2133 1483 2162 6:

152 2175 314 2214 Ἕλληνος
333 2177 547 2208 Herwerden
664 2178 728 2216 978
751 2176 823 2216 μηδ’
844 2176 1011 2207 Dindorf:
1035 2176 1108 2216 μήτ’
1124 2177 1150 2206 L
1167 2176 1192 2206 P

1292 2177 1400 2214 ενδεὴς
1420 2175 1482 2205 1-2:

160 2219 273 2251 ἐνδεῶς
293 2220 318 2249 L
332 2219 358 2249 P
447 2220 533 2252 τοῦδ’
553 2220 754 2251 Markland:
777 2222 820 2258 μὴ
838 2221 923 2251 τοῦδ’
944 2220 970 2250 L
983 2219 1009 2249 P
1125 2219 1197 2259 μηδ
1216 2222 1329 2251 ἐνδεῶς
1342 2232 1401 2251 που
1418 2221 1481 2250 διο-

158 2261 288 2301 λεσαιμι
310 2263 402 2293 VVeil
545 2274 611 2304 979
635 2265 746 2304 ἀγαθοὶ
775 2263 862 2293 LP:
887 2264 915 2294 οἱ
943 2262 1018 2293 add.
1044 2267 1069 2302 j>
1211 2263 1276 2302 980
1297 2261 1353 2303 ἢν]
1383 2263 1438 2294 ἐὰν
1456 2265 1482 2301 p

157 2305 221 2342 985
240 2306 279 2336 es.
300 2306 348 2337 El.
370 2308 433 2345 672
599 2308 659 2345 981
687 2305 902 2347 προσφέρουσ’
921 2306 1079 2345 Hartung
1247 2307 1312 2345 982
1329 2308 1433 2337 κακῶν
1447 2302 1482 2344 ’γ’

160 2348 184 2377 Ι,
197 2349 242 2379 P:
267 2348 298 2389 γ’
318 2349 380 2380 del.
404 2349 558 2381 Musurus
