1658 2740
670 97 1014 136 ΕΥΡΙΠΙΔΟΥ

343 200 434 255 ὁρᾷς
454 201 521 241 τὸν
548 199 765 243 Ἀκτέωνος
790 201 929 243 ἄθλιον
953 203 1088 255 μόρον,

252 265 319 311 ,ὃν
345 266 535 317 ὠμόσιτοι
561 268 758 311 σκύλακες
784 268 829 311 ἃς
856 269 1053 321 ἐθρέψατο

275 332 560 381 διεσπάσαντο,
590 334 790 387 κρείσσον’
818 336 861 376 ἐν
887 338 1087 389 κυναγίαις

275 398 502 452 Ἀρτέμιδος
529 400 630 442 εἶναι
657 400 919 452 κομπάσαντ’,
947 404 991 443 ἐν
1017 403 1198 456 ὀργάσιν.

256 465 294 513 ῑὸ
318 466 370 517 μὴ
396 466 524 524 πάθῃς
551 467 614 507 σύ·
654 469 766 520 δεῦρό
791 485 866 509 σου
892 468 1032 522 στέψω
1059 469 1157 522 κάρα

178 602 248 639 Πε.

177 1602 242 1640 Τε.

276 537 417 588 κισσῷ·
454 533 540 585 μεθ’
567 534 677 585 ἡμῶν
701 539 754 590 τῷ
783 538 856 590 θεῷ
883 536 999 587 τιμὴν
1023 538 1141 578 δίδου.

277 599 322 639 οὐ
345 600 396 651 μὴ
425 601 658 652 προσοίσεις
684 605 812 655 χεῖρα,
841 603 1086 656 βακχεύσεις
1112 602 1144 644 δ’
1173 603 1255 649 ἰών,

273 665 362 716 μηδ’
390 666 580 723 ἐξομόρξῃ
607 668 756 719 μωρίαν
782 668 854 718 τὴν
880 669 957 719 σὴν
982 670 1086 719 ἐμοί;

273 735 342 783 τῆς
368 735 442 783 σῆς
467 732 535 785 <δ’>
560 734 694 776 ἀνοίας
717 734 831 775 τόνδε
857 734 925 775 τὸν
944 735 1188 776 διδάσκαλον

275 800 384 850 δίκην
410 799 576 851 μέτειμι.
649 800 844 854 στειχέτω
870 818 929 844 τις
955 802 1005 844 ὡς
1030 801 1165 855 τάχος,

275 867 402 906 ἐλθὼν
427 869 469 907 δὲ
495 865 635 909 θάκους
661 867 764 907 τοῦδ’
790 867 840 908 ἵν’
868 869 1130 909 οἰωνοσκοπεῖ

273 937 441 985 μοχλοῖς
465 934 638 985 τριαίνου
666 933 916 987 κάνάτρεψον
941 935 1125 986 ἔμπαλιν,

275 999 354 1039 ἄνω
381 999 484 1040 κάτω
510 1002 558 1040 τὰ
583 999 712 1041 πάντα
740 1001 917 1055 συγχέας
942 1003 1050 1053 ὁμοῦ,

276 1066 338 1106 καὶ
365 1065 555 1118 στέμματ’
582 1066 742 1118 ἀνέμοις
769 1068 831 1109 καὶ
858 1068 1093 1109 θυέλλαισιν
1116 1068 1244 1120 μέθες.

274 1132 451 1183 μάλιστα
476 1133 551 1186 γάρ
576 1150 637 1175 νιν
665 1132 831 1185 δήξομαι
857 1134 1007 1187 δράσας
1031 1134 1136 1176 τάδε.

343 1199 378 1240 οἳ
404 1198 436 1240 δ’
461 1200 535 1240 ἀνὰ
560 1200 678 1241 πόλιν
706 1202 935 1254 στείχοντες
961 1200 1216 1255 ἐξιχνεύσατε

276 1270 343 1307 τὸν
369 1266 626 1318 θηλύμορφον
653 1266 781 1318 ξένον,
810 1267 853 1310 ὃς
878 1268 1043 1321 ἐσφέρει
1067 1270 1190 1309 νόσον

276 1333 410 1384 καινὴν
436 1332 589 1385 γυναιξὶ
615 1335 677 1374 καὶ
702 1333 803 1387 λέχη
830 1335 1072 1385 λυμαίνεται.

278 1399 423 1451 κᾶνπερ
446 1400 616 1451 λάβητε,
644 1399 809 1452 δέσμιον
836 1401 1057 1454 πορεύσατε

276 1466 375 1519 δεῦρ’
402 1467 532 1514 αὐτόν,
560 1467 611 1509 ὡς
636 1466 683 1508 ἂν
709 1468 900 1519 λευσίμου
924 1469 1032 1519 δίκης
1056 1469 1187 1522 τυχὼν

277 1532 388 1589 θάνῃ,
416 1534 558 1585 πικρὰν
583 1532 813 1588 βάκχευσιν
842 1536 884 1576 ἐν
910 1534 1073 1586 Θήβαις
1098 1536 1204 1577 ἰδών.

275 1598 303 1640 ὦ
331 1598 501 1654 σχέτλι’,
529 1600 580 1642 ὡς
606 1600 675 1640 οὐκ
702 1601 823 1642 οἶσθα
850 1605 926 1642 ποῦ
952 1601 1037 1642 ποτ’
1066 1601 1103 1642 εἳ
1123 1603 1269 1655 λόγων.

275 1666 450 1717 μέμηνας
474 1666 561 1716 ἤδη·
599 1668 661 1707 καὶ
688 1668 779 1719 πρὶν
810 1667 974 1719 ἐξέστης
1000 1672 1170 1722 φρενῶν.

344 1734 566 1786 στείχωμεν
589 1733 714 1784 ἡμεῖς,
745 1734 895 1786 Κάδμε,
926 1735 1197 1787 κάξαιτώμεθα

277 1799 373 1851 ὑπέρ
399 1817 441 1841 τε
465 1800 604 1841 τούτου
630 1802 771 1854 καίπερ
798 1803 912 1845 ὄντος
937 1803 1074 1855 ἀγρίου

277 1866 373 1918 ὑπέρ
399 1883 439 1907 τε
466 1867 621 1909 πόλεως
647 1870 715 1908 τόν
741 1868 831 1910 θεὸν
856 1871 978 1920 μηδὲν
1004 1868 1095 1910 νέον

1438 417 1502 448 340

1444 750 1502 780 345

1445 1081 1505 1112 350

1444 1413 1504 1444 355

1445 1737 1507 1779 360

280 1935 385 1985 δρᾶν.
458 1933 550 1974 ἀλλ’
576 1934 672 1975 ἕπου
696 1951 763 1986 μοι
793 1937 976 1977 κισσίνου
999 1935 1174 1987 βάκτρου
1198 1934 1307 1987 μέτα,

278 2003 397 2052 πειρῶ
424 1999 455 2040 δ’
481 2001 673 2052 ἀνορθοῦν
699 2001 799 2052 σῶμ’
826 2003 933 2053 ἐμόν,
962 2003 1068 2055 κάγὼ
1093 2002 1137 2042 τὸ
1163 2002 1249 2042 σόν·

280 2066 441 2119 γέροντε
465 2066 498 2107 δ’
525 2067 696 2121 αἰσχρὸν
722 2069 789 2109 δύο
816 2073 967 2110 πεσεῖν·
1006 2071 1075 2109 ’ίτω
1100 2069 1133 2109 δ’
1159 2070 1275 2119 ὅμως,

1447 2068 1508 2111 365

222 2170 283 2200 337
310 2159 488 2193 Ἀκτέωνος
515 2159 558 2190 L²
583 2160 686 2191 vell:
711 2160 902 2194 Ἀκταίωνος
933 2161 1017 2192 LP:
1043 2162 1083 2193 cf.
1114 2160 1263 2193 Dittenb.
1293 2159 1378 2200 Syll.
1404 2159 1509 2191 Inscr-

394 2205 458 2243 338
482 2205 519 2236 ‘bu
536 2204 549 2234 l
565 2215 571 2234 :
594 2205 652 2236 τὸν
670 2205 696 2234 L
712 2204 740 2235 P
853 2214 919 2245 339
942 2206 1105 2246 κυνηγίαις
1124 2205 1150 2234 L
1167 2203 1193 2234 P
1210 2216 1217 2235 z
1241 2213 1327 2235 corr.
1347 2202 1511 2234 Matthiae

179 2257 242 2286 343
267 2250 359 2289 χεῖρα
377 2247 404 2277 Ρ
421 2259 427 2278 :
453 2250 549 2288 χεῖρα
565 2248 614 2279 καὶ
635 2247 661 2277 L
805 2257 869 2288 345
894 2247 921 2281 δ’
938 2248 1014 2279 add.
1033 2248 1198 2280 Matthiae

182 2290 328 2329 Elmsley
347 2302 354 2321 z
381 2291 451 2329 δίκη
470 2290 496 2320 L
510 2290 537 2320 P
624 2300 687 2330 347
707 2292 792 2323 τοῦδ’
806 2292 988 2332 Musgrave
1008 2303 1015 2322 ε
1031 2290 1142 2323 τούσδ’
1158 2290 1183 2321 L
1195 2290 1222 2320 P

179 2215 208 2242 9.
233 2214 273 2234 10

184 2332 210 2362 P

344 2334 408 2371 348
432 2334 572 2373 τριαίνου
586 2333 613 2364 L
630 2344 637 2364 ε
661 2335 799 2374 τριαίνης
818 2334 845 2365 Ρ
977 2337 1041 2374 365
1063 2334 1215 2376 ’γέροντες
1233 2332 1259 2365 δ’
1277 2332 1304 2363 Ρ

1330 2247 1395 2302 '346
1417 2247 1510 2298 δίκην

1310 2301 1509 2327 οιωνοσκοπη
