1622 2740
668 126 881 164 EAENH

208 229 307 282 θηρᾷ
331 228 532 280 πορευθεὶς
557 227 680 268 Ἰλίου
706 229 959 281 πυργώματα.

207 295 335 348 ψυχαὶ
360 297 401 335 δὲ
427 295 575 335 πολλαὶ
600 294 648 335 δι’
674 294 733 346 ἔμ’
758 295 823 335 ἐπὶ
848 296 1132 347 Σκαμανδρίοις

205 362 363 413 ῥοαῖσιν
387 362 540 402 ἔθανον·
578 361 600 412 ἡ
626 363 668 402 δὲ
692 360 822 402 πάντα
846 362 963 402 τλᾶσ’
989 363 1067 414 ἐγὼ

208 427 423 480 κατάρατός
447 430 524 479 εἰμι
549 428 612 469 καὶ
635 431 736 468 δοκῶ
761 428 948 480 προδοῦσ’
974 428 1067 479 ἐμὸν

206 495 327 535 πόσιν
353 494 533 547 συνάψαι
557 495 734 546 πόλεμον
751 494 956 545 Ἕλλησιν
980 494 1119 548 μέγαν.
1391 509 1431 540 55

272 562 315 601 τί
335 560 416 611 δῆτ’
445 561 501 602 ἔτι
528 562 596 611 ζῶ,·
634 564 725 602 θεοῦ
749 561 829 602 τόδ’
855 561 1057 612 εἷσήκουσ’
1083 562 1176 604 ἔπος

204 626 362 679 Ἑρμοῦ,
389 627 432 667 τὸ
458 627 613 668 κλεινὸν
639 628 696 669 ἔτι
723 628 971 679 κατοικήσειν
997 628 1116 670 πέδον

206 693 388 747 Σπάρτης
413 695 488 735 σὺν
512 695 635 747 ἀνδρί,
663 696 827 747 γνόντος
853 696 903 737 ὡς
929 697 968 737 ἐς
988 695 1114 736 Ἴλιον

205 760 272 800 οὐκ
297 759 433 811 ἦλθον,
461 762 525 802 ἵνα
548 761 601 812 μη
626 761 756 814 λέκτρ’
781 763 1029 815 ὑποστρώσω
1054 763 1143 803 τινί.

205 827 277 869 ἕως
301 829 374 878 μὲν
397 828 465 868 οὖν
490 832 575 880 φῶς
598 828 712 879 ἡλίου
737 828 817 869 τόδ’
843 829 1017 880 ἔβλεπεν
1390 834 1432 865 60

206 894 403 945 Πρωτεύς,
429 894 579 937 ἄσυλος
603 893 627 945 ἧ
651 894 800 948 γάμων·
839 896 923 937 ἐπεὶ
948 898 989 936 δὲ
1014 898 1086 948 γῆς

207 960 337 1015 σκότῳ
365 960 583 1013 κέκρυπται,
611 966 703 1003 παῖς
728 963 748 1001 ὁ
773 966 842 1002 τοῦ
867 963 1098 1013 τεθνηκότος

205 1027 303 1081 θηρᾷ
325 1031 466 1079 γαμεῖν
489 1045 550 1078 με.
621 1027 690 1068 τὸν
715 1027 839 1069 πάλαι
865 1028 899 1068 δ’
924 1030 1002 1081 ἐγὼ
1027 1029 1147 1069 πόσιν

204 1097 358 1143 τιμῶσα
383 1093 578 1146 Πρωτέως
602 1097 736 1146 μνῆμα
762 1096 992 1146 προσπίτνω
1019 1096 1109 1135 τόδε

206 1159 335 1206 ἱκέτις,
363 1160 413 1201 ἵν’
438 1161 549 1212 ἀνδρὶ
573 1161 676 1212 τάμὰ
701 1160 878 1218 διασῴσῃ
904 1161 1019 1215 λέχη,
1390 1166 1429 1205 65

204 1226 267 1273 ὡς,
295 1228 329 1268 εἶ
355 1227 438 1268 καθ’
462 1226 628 1268 Ἑλλάδ’
653 1229 778 1279 ὄνομα
802 1231 991 1270 δυσκλεὲς
1017 1229 1139 1281 φέρω,

202 1292 255 1344 μή
278 1310 346 1344 μοι
369 1293 412 1334 τὸ
438 1294 553 1345 σῶμά
578 1294 615 1347 γ’
641 1294 770 1336 ἐνθάδ’
796 1295 994 1349 αἰσχύνην
1019 1297 1140 1352 ὄφλῃ.

105 1379 130 1407 T
141 1378 334 1408 ΕΥΚΡΟΣ

203 1439 261 1480 τίς
285 1438 399 1479 τῶνδ’
423 1440 598 1491 ἐρυμνῶν
623 1439 812 1491 δωμάτων
838 1440 923 1494 ἔχει
949 1439 1106 1492 κράτος,-

205 1504 389 1546 Πλούτου
413 1506 488 1558 γὰρ
513 1506 619 1548 οἶκος
642 1505 751 1557 ἄξιος
776 1506 1052 1559 προσεικάσαι,

203 1571 398 1622 βασίλειά
421 1571 454 1612 τ’
479 1571 761 1624 ἀμφιβλήματ’
788 1573 988 1627 εὔθριγκοί
1011 1573 1045 1613 θ’
1072 1574 1192 1625 ἕδραι.
1390 1585 1430 1616 70

203 1637 263 1678 ἔα·

202 1702 232 1744 ‹T›
258 1705 351 1752 θεοί,
378 1704 452 1746 τίν’
479 1704 583 1747 εἶδον
606 1707 723 1759 ὅψιν,·
761 1706 952 1759 ἐχθίστην
978 1707 1053 1757 ὁρῶ

202 1771 385 1823 γυναικὸς
410 1773 500 1813 εἰκὼ
526 1773 680 1825 φόνιον,
707 1772 733 1823 ἥ
755 1772 794 1825 μ’
820 1773 1031 1814 ἀπώλεσεν

203 1837 353 1880 πάντας
377 1838 411 1878 τ’
435 1839 635 1892 Ἀχαιούς.
773 1841 859 1880 θεοί
881 1839 932 1885 σ’,
960 1840 1058 1879 ὅσον
1082 1838 1219 1889 μίμημ’
1240 1838 1346 1892 ἔχεις

202 1903 382 1955 Ἑλένης,
410 1905 693 1946 ἀποπτύσειαν.
766 1907 800 1945 εἰ
824 1908 865 1946 δὲ
889 1905 941 1956 μὴ
966 1905 1001 1945 ’ν
1025 1904 1118 1961 ξένῃ
1392 1917 1432 1947 75

203 1972 297 2025 γαίᾳ
321 1971 407 2012 πόδ’
434 1971 556 2024 εἶχον,
583 1971 668 2027 τῷδ’
693 1971 742 2012 ἂν
767 1971 947 2026 εὐστόχῳ
972 1972 1099 2025 πτερῷ

146 2074 184 2104 51
211 2065 305 2103 ἡλίου
330 2065 374 2095 P:
407 2075 489 2095 corr.
517 2064 589 2103 ipse
801 2074 842 2102 52
868 2063 1097 2104 Σκαμανδρίαις
1123 2061 1182 2094 Ar.
1207 2062 1342 2093 Thesm.
1370 2062 1433 2100 864

102 2110 144 2147 56
168 2108 202 2140 τί
217 2108 271 2140 οὖν
295 2108 341 2140 ἔτι
365 2107 424 2138 Ar.
451 2107 585 2138 Thesm.
612 2107 675 2137 868
700 2107 842 2138 sortasse
868 2112 960 2138 recte
1062 2116 1102 2145 57
1131 2106 1260 2137 κλεινόν
1284 2106 1317 2145 μ’
1349 2105 1435 2135 Her-

102 2162 201 2182 mann
316 2151 358 2190 58
381 2151 494 2191 γνόντι
510 2151 580 2190 ,u’p
600 2150 646 2183 (et
667 2150 831 2188 Badham)
940 2160 982 2190 59
1007 2148 1133 2191 λέκτρ’]
1158 2148 1258 2189 λέχος
1282 2148 1434 2180 Eustath.

104 2195 142 2226 11.
171 2206 203 2235 p.
231 2205 274 2234 30
379 2197 422 2224 60
447 2195 568 2227 ἔΒλεπε
598 2193 682 2224 LP:
709 2204 793 2225 corr.
813 2194 827 2224 l
930 2195 969 2223 61
997 2193 1037 2231 ἦν
1056 2193 1081 2223 L
1095 2193 1120 2222 P
1227 2194 1270 2222 62
1294 2195 1364 2224 παῖς
1383 2191 1410 2222 L
1428 2202 1434 2221 :

101 2242 164 2271 πῶς
183 2239 210 2270 Ρ
297 2240 339 2277 63
361 2239 424 2278 ἐγὼ
449 2237 610 2268 Dobree:
642 2238 717 2276 ἐμὸν
742 2237 807 2267 LP
895 2238 937 2276 64
961 2240 1147 2279 προσπιτνῶ
1173 2241 1209 2268 ut
1233 2236 1345 2266 solent
1370 2235 1395 2265 L
1410 2235 1436 2265 P

101 2285 142 2322 67
162 2283 206 2322 μή
222 2296 272 2314 τοι
290 2280 470 2312 Kirchhoff
553 2282 595 2319 69
620 2280 756 2321 Πλούτῳ
774 2280 894 2311 Nauck
983 2291 1023 2320 72
1043 2281 1198 2321 ἐχθίω-της
1219 2279 1433 2319 Dingelstadt

103 2337 141 2366 74
166 2337 214 2365 sq.
230 2329 310 2357 Θεοῖς
327 2326 405 2357 ὅσον
420 2325 534 2363 μίσημ’
548 2324 635 2365 ἔχεις
653 2323 749 2362 ἑλένη
767 2324 798 2355 ‹r'
813 2324 839 2354 L
853 2324 898 2355 P:
923 2334 1006 2355 corr.
1020 2324 1034 2353 l
1111 2323 1330 2355 ἀποπτύσαιεν
1350 2322 1375 2352 L
1391 2322 1434 2352 P:

102 2380 186 2401 corr.
207 2370 313 2400 Ludv.
333 2368 481 2398 Dindorf
604 2377 645 2407 75
669 2377 719 2407 sq.
738 2368 782 2406 μὴ
796 2367 889 2407 ξένην
904 2368 1000 2408 γαῖαν
1018 2368 1096 2404 (5ἰοῖ
1118 2366 1157 2396 Ρ1
1175 2367 1227 2397 vel
1240 2371 1264 2406 p
1394 2368 1433 2404 76

102 2413 170 2446 πόδ’
188 2413 270 2444 Tan.
291 2412 419 2443 Faber:
444 2412 515 2443 ποτ’
535 2412 559 2441 L
574 2411 599 2441 P
677 2415 781 2452 πτερῷ
800 2411 949 2450 Elmsley
967 2422 973 2441 ε
993 2410 1098 2451 πέτρω
1116 2410 1141 2440 L
1156 2410 1181 2440 P
