1658 2740
617 128 963 169 Ε’ΥΡΙΠΙΔΟΎ

129 241 201 289 Φρ.
629 237 724 290 ἰαχᾷ

495 302 625 353 δόμων
651 302 815 353 θύρετρα
840 301 903 342 καὶ
928 299 1126 351 σταθμοὺς

226 375 443 424 μοχλοῖσιν
468 369 723 420 ἐκβαλόντες,
751 367 830 408 ἔνθ’
857 368 1080 418 ἐμίμνομεν,

227 440 526 490 βοηδρομοῦμεν
551 435 675 477 ἄλλος
699 434 872 474 ἄλλοθεν
899 432 1058 485 στέγης,
1371 443 1451 474 1475

494 502 512 542 ὃ
537 504 609 552 μὲν
636 501 812 553 πέτρους,
839 500 860 541 ὃ
885 499 917 540 δ’
942 499 1131 552 ἀγκύλας,
1372 494 1375 496 ’

227 569 247 609 ὃ
274 571 315 610 δὲ
340 569 456 622 ξίφος
481 569 690 620 πρόκωπον
717 569 758 608 ἐν
783 570 917 620 χεροῖν
943 565 1059 619 ἔχων.

493 635 636 675 ἔναντα
660 634 692 673 δ’
718 633 816 684 ἦλθε
842 632 1029 683 Πυλάδης

496 702 700 746 ἀλίαστος,
729 701 810 742 οἶος
835 701 916 741 οἶος
933 698 1030 738 ’Έκ-

364 786 440 820 τωρ
466 767 487 806 ὁ
512 766 684 818 Φρύγιος
708 763 731 816 ἢ
758 766 982 818 τρικόρυθος
1008 765 1116 811 Αἴας,
1370 767 1456 807 ¹480

495 833 540 873 ὃν
566 833 669 873 εἶδον
695 832 800 873 εἶδον
825 833 868 872 ἐν
893 831 1036 872 πύλαις

496 900 703 951 Πριαμίσι·
743 897 965 951 φασγάνων
990 896 1022 936 δ’
1049 897 1172 947 ἀκμὰς

631 963 881 1017 συνήψαμεν.

431 1033 476 1083 δὴ
503 1033 591 1073 τότε
615 1034 841 1083 διαπρεπεῖς
869 1030 949 1070 τότ’
976 1028 1159 1081 ἐγένοντο
1184 1027 1351 1080 Φρύγες,

430 1101 529 1140 ὅσον
547 1098 698 1150 ’Ἄρεως
722 1098 849 1138 ἀλκὰν

363 1166 536 1216 ἥσσονες
560 1163 758 1206 Ἑλλάδος
786 1162 986 1215 ἐγενόμεθ’
1013 1163 1171 1215 αἰχμᾶς,
1376 1164 1457 1203 1485

366 1231 386 1271 ὃ
410 1234 483 1283 μὲν
507 1232 714 1285 οἰχόμενος
741 1229 884 1282 φυγάς,
911 1228 931 1269 ὃ
958 1232 999 1270 δὲ
1026 1228 1136 1270 νέκυς
1162 1227 1227 1272 ὤν,

360 1298 381 1337 ὃ
406 1300 447 1339 δὲ
472 1301 622 1349 τραῦμα
648 1296 794 1349 φέρων,
822 1296 842 1336 ὃ
867 1298 908 1336 δὲ
935 1296 1192 1346 λισσόμενος,

367 1363 535 1405 θανάτου
561 1362 782 1416 προβολάν·

496 1431 570 1470 ὑπὸ
597 1430 741 1470 σκότον
766 1428 798 1469 δ’
824 1429 1059 1480 ἐφεύγομεν·

302 1497 431 1549 νεκροὶ
456 1496 488 1537 δ’
515 1496 693 1542 ἔπιπτον,
721 1496 756 1536 οἳ
782 1495 814 1535 δ’
843 1495 1026 1546 ἔμελλον,
1054 1493 1090 1533 οἳ
1115 1492 1147 1533 δ’
1172 1491 1320 1533 ἔκειντ’.

432 1564 552 1615 ἔμολε
577 1562 609 1603 δ’
636 1565 660 1602 ἁ
684 1561 837 1602 τάλαιν’
863 1561 1052 1613 Ἑρμιόνα
1077 1559 1218 1610 δόμους
1380 1570 1463 1603 1490

431 1631 496 1671 ἐπὶ
522 1630 632 1683 φόνῳ
658 1632 898 1682 χαμαιπετεῖ
921 1627 1079 1679 ματρός,
1107 1625 1131 1665 ἃ

432 1713 492 1737 νιν
518 1695 648 1736 ἔτεκεν
674 1694 848 1746 τλάμων.

499 1762 666 1814 ἄθυρσοι
689 1761 722 1801 δ’

500 1827 563 1869 οἶά
588 1845 648 1868 νιν
675 1828 868 1879 δραμόντε
896 1826 1048 1880 Βάκχαι

503 1895 678 1945 σκύμνον
704 1895 745 1935 ἐν
774 1898 909 1947 χεροῖν
934 1894 1065 1944 ὀρείαν

234 1961 503 2015 ξυνήρπασαν·
542 1961 665 2002 πάλιν
692 1963 733 2002 δὲ
760 1961 831 2001 τᾶν
859 1959 955 2002 Διὸς
983 1960 1099 2011 κόραν

180 2065 259 2093 1474
285 2066 348 2086 om.
372 2055 415 2086 P:
451 2054 526 2085 add.
552 2057 578 2093 p
679 2052 880 2093 ἐμβαλόντες
906 2050 1021 2082 ΜΑΡ
1199 2051 1282 2089 1476
1306 2050 1335 2081 οἱ
1357 2048 1416 2088 μὲν
1441 2047 1467 2078 L

137 2108 217 2137 1477
243 2101 354 2139 χεροῖν
373 2098 399 2128 Β
414 2098 457 2129 Ρ;
485 2098 600 2138 χερσὶν
621 2095 653 2126 Μ
667 2096 699 2126 Α
712 2096 738 2126 L
852 2097 933 2134 1478
959 2095 1066 2127 ἔναντι
1084 2094 1111 2124 L
1219 2103 1300 2132 1479
1325 2093 1467 2124 ἅλαστος

132 2141 363 2172 ἊῙΠειῐηοκνίῐΖ
385 2152 429 2172 ex
451 2141 487 2172 ll.
506 2146 535 2173 X
553 2141 612 2172 261
715 2139 762 2171 οἷο
779 2139 842 2171 οἷος
861 2139 887 2169 L
1018 2138 1096 2176 1481
1124 2136 1257 2168 πύλαισι
1276 2135 1307 2166 Μ
1320 2135 1351 2166 Α
1363 2135 1390 2165 Β
1404 2135 1430 2165 L
1443 2134 1469 2164 P

134 2185 276 2224 πριαμίσι
303 2185 334 2214 Μ
351 2185 437 2215 BP:
473 2184 639 2225 πριαμίσιν
665 2183 736 2214 AL
906 2182 987 2220 1483
1020 2181 1097 2213 ’τότε
1123 2181 1161 2218 δὴ
1186 2179 1263 2211 τότε
1289 2180 1469 2219 διαπρεπεῖς

134 2228 229 2259 codd.
249 2240 256 2259 ε
293 2229 411 2259 traieci
432 2228 608 2259 dochmios
626 2226 779 2257 efficiens
967 2225 1049 2263 1484
1071 2224 1190 2265 '‘Apews
1209 2222 1241 2252 M
1255 2222 1282 2252 B
1296 2222 1342 2252 L:
1379 2222 1468 2262 ἄρεος

136 2270 184 2300 M²
198 2271 240 2300 13²
254 2271 284 2302 A
300 2271 326 2301 P
481 2281 564 2311 1490
595 2271 615 2309 ἡ
633 2270 661 2301 L
759 2267 908 2310 Ἑρμιόνη
927 2268 953 2298 L
964 2267 990 2298 P
1142 2276 1220 2306 1491
1255 2265 1346 2297 ἔτεκε
1362 2263 1394 2294 Α
1405 2264 1431 2294 L
1443 2263 1469 2293 P

138 2324 218 2352 1492
254 2314 429 2355 δραμόντες
456 2314 521 2345 LP
690 2322 773 2352 1493
807 2312 1016 2353 συνήρπασαν
1039 2310 1072 2341 Μ
1194 2312 1252 2342 τᾶς
1277 2309 1351 2341 Διὸς
1375 2306 1468 2348 κόρας

137 2355 242 2397 Paley
263 2358 338 2397 (τὰν
353 2382 359 2389 .
376 2382 383 2389 .
400 2382 406 2388 .
421 2358 518 2399 κόραν
534 2357 575 2398 Σ)
