1658 2740
626 124 953 161 ψΟΙΝΙΣΣΑΙ

229 226 330 266 τοῦτ’
355 227 422 267 οὖν
447 231 491 267 τὸ
517 227 706 280 χρηστόν,
731 229 864 277 μῆτερ,
891 226 981 278 οὐχὶ
1005 227 1203 277 βούλομαι

228 293 340 348 ἄλλῳ
365 297 544 345 παρεῖναι
567 296 721 345 μᾶλλον
747 290 778 343 ἢ
796 290 936 347 σφ’ζειν
963 293 1062 343 ἐμοί·

229 360 417 411 ἀνανδρία
442 359 529 412 γάρ,
555 360 600 400 τὸ
625 359 749 401 πλέον
773 360 884 400 ὅστις
911 359 1114 400 ἀπολέσας

229 426 458 468 τοῦλασσον
483 427 621 478 ἔλαβε.
692 425 788 478 πρὸς
813 428 855 467 δὲ
879 425 1003 466 τοῖσδ’
1028 426 1281 478 αἰσχύνομαι,
1389 440 1451 469 510

231 494 399 534 ἐλθόντα
423 493 497 534 σὺν
521 494 659 535 ὅπλοις
683 493 796 533 τόνδε
823 492 886 532 καὶ
911 495 1131 544 πορθοῦντα
1156 495 1230 544 γῆν

230 563 365 613 τυχεῖν
390 560 414 600 ἃ
438 557 585 616 χρῄζει·
623 563 708 601 ταῖς
733 561 808 611 γὰρ
834 558 882 600 ἂν
910 558 1070 610 Θήβαις
1094 559 1185 599 τόδε

228 625 372 678 γένοιτ’
397 628 558 676 ὄνειδος,
588 627 621 667 εἰ
648 627 876 676 Μυκηναίου
900 625 1013 677 δορὸς

231 693 349 747 φόβῳ
376 694 538 745 παρείην
565 695 746 744 σκῆπτρα
770 693 872 744 τάμὰ
896 692 985 747 τῷδ’
1012 692 1133 745 ἔχειν.

229 761 331 811 χρῆν
356 758 388 799 δ’
413 759 531 801 αὐτὸν
556 759 628 813 οὐχ
655 760 818 800 ὅπλοισι
842 761 910 801 τὰς
935 758 1167 811 διαλλαγάς,
1387 772 1450 802 515

229 827 364 878 μῆτερ,
389 827 602 867 ποιεῖσθαι·
639 828 716 867 πᾶν
742 827 816 878 γὰρ
843 825 990 878 ἐξαιρεῖ
1011 826 1133 878 λόγος

231 891 251 931 ὃ
277 892 340 932 καὶ
366 893 525 944 σίδηρος
550 893 750 944 πολεμίων
775 891 958 944 δράσειεν
981 892 1041 933 ἄν.

231 957 335 1004 ἀλλ’,
362 960 396 999 εἶ
418 961 491 1010 μὲν
515 958 649 1000 ἄλλως
672 958 786 1009 τήνδε
810 961 885 1011 γῆν
909 960 1030 999 οἰκεῖν
1055 958 1177 1005 θέλει,

230 1023 371 1075 ἔξεστ’·
408 1027 534 1066 ε’κεῖνο
558 1025 591 1065 δ’
617 1026 690 1078 οὐχ
715 1026 813 1066 ἑκὼν
835 1025 1071 1076 μεθήσομαι.

230 1090 367 1144 ἄρχειν
392 1092 518 1142 παρόν
539 1108 618 1142 μοι,
644 1094 743 1146 τῷδε
767 1091 970 1132 δουλεύσω
995 1091 1091 1132 ποτέ
1097 1108 1110 1138 ,·
1388 1105 1451 1134 520

295 1157 393 1210 πρὸς
417 1156 522 1198 ταῦτ’
547 1159 616 1198 ἴτω
640 1159 714 1209 μὲν
737 1160 824 1210 πῦρ,
851 1159 919 1198 ἴτω
945 1160 986 1198 δὲ
1012 1157 1215 1210 φάσγανα,

232 1223 443 1276 ζεύγνυσθε
467 1223 500 1265 δ’
524 1224 680 1271 ἵππους,
706 1225 821 1265 πεδία
844 1224 1037 1275 πίμπλαθ’
1063 1224 1257 1275 ἁρμάτων,

231 1290 282 1333 ὡς
306 1290 351 1331 οὐ
374 1289 540 1343 παρήσω
565 1290 650 1346 τῷδ’
676 1290 773 1342 ἐμὴν
797 1292 1015 1343 τυραννίδα.

230 1357 338 1409 εἴπερ
362 1358 438 1410 γὰρ
463 1358 611 1399 ἀδικεῖν
635 1356 724 1410 χρή,
751 1358 978 1409 τυραννίδος
1003 1356 1093 1409 πέρι

231 1422 450 1465 κάλλιστον
475 1424 635 1471 ἀδικεῖν,
662 1423 793 1464 τᾶλλα
817 1423 850 1464 δ’
876 1425 1061 1475 εὐσεβεῖν
1085 1423 1227 1477 χρεών.
1388 1436 1449 1466 525

129 1492 203 1531 Xo.
229 1490 299 1531 οὐκ
324 1490 366 1532 εὖ
390 1489 525 1544 λέγειν
548 1490 625 1544 χρὴ
649 1490 702 1542 μὴ
728 1490 785 1532 ’πὶ
808 1494 889 1532 τοῖς
914 1491 1044 1543 ἔργοις
1070 1492 1216 1530 καλοῖς·

229 1556 275 1598 οὗ
297 1559 373 1610 γὰρ
398 1557 520 1599 καλὸν
543 1557 658 1605 τοῦτ’,
685 1558 793 1598 ἀλλὰ
816 1563 864 1614 τῇ
889 1558 974 1613 δίκῃ
1001 1557 1151 1610 πικρόν.

132 1627 185 1665 Io.
221 1621 251 1664 ὦ
276 1623 426 1671 τέκνον,
453 1623 529 1678 οὐχ
553 1623 709 1665 ἅπαντα
732 1624 786 1679 τῷ
812 1623 914 1678 γήρᾳ
939 1622 1050 1669 κακά,

230 1690 471 1737 Ἐτεόκλεες,
498 1691 731 1744 πρόσεστιν·
769 1689 861 1731 ἀλλ’
885 1690 1073 1742 ἡμπειρία

229 1757 314 1811 ἔχει
336 1774 374 1798 τι
398 1756 512 1808 λέξαι
535 1760 612 1799 τῶν
637 1757 737 1798 νέων
762 1757 1008 1810 σοφώτερον.
1386 1768 1450 1798 530

293 1825 334 1865 τί
355 1826 423 1875 τῆς
449 1824 635 1875 κακίστης
659 1824 855 1875 δαιμόνων
880 1824 1042 1876 ἐφίεσαι

172 1926 236 1957 507
261 1918 299 1949 τὸ
316 1927 381 1949 om.
398 1917 428 1948 V
517 1927 581 1957 509
606 1917 797 1959 &1111vaqu
886 1917 924 1947 τὸ
949 1914 1049 1947 πλέον
1067 1912 1174 1953 ὅστις]
1192 1913 1280 1945 ὅστις
1297 1913 1334 1944 τὸ
1351 1911 1452 1944 πλέον

130 1960 176 1993 L:
201 1962 240 1992 τὸ
257 1964 414 1993 πλεῖστον
431 1961 520 1993 ὅστις
533 1961 564 1990 Α
653 1961 822 1992 ἀπώλεσας
841 1959 873 1989 Μ
888 1959 915 1989 L
1027 1967 1090 1996 512
1113 1956 1199 1997 ταῖς]
1211 1957 1261 1988 καὶ
1275 1955 1449 1986 Hermann

129 2004 193 2043 516
230 2006 344 2046 ἐξαιρεῖ
369 2008 393 2038 Σ
419 2009 453 2035 et
475 2004 506 2034 V
531 2014 606 2034 cum
634 2003 718 2034 Plut.
748 2003 868 2043 Pyrrh.
898 2012 949 2041 24,
979 2000 1176 2038 Themistio,
1203 2009 1251 2030 or.
1280 1998 1313 2030 ii.
1339 2009 1370 2038 p.
1397 2008 1449 2037 44,

129 2047 196 2078 xvi.
221 2058 252 2087 p.
277 2057 352 2086 253,
376 2047 504 2078 Iuliano
523 2057 573 2079 or.
587 2047 619 2078 ii.
642 2057 675 2086 p.
694 2057 756 2086 73:
779 2046 896 2087 ἐξαίρεῖ
910 2045 937 2075 Β
957 2056 963 2075 :
981 2045 1092 2086 ἐξαίρει
1113 2042 1206 2075 rell.:
1230 2044 1354 2083 ἐξαρκεῖ
1367 2041 1450 2072 Geel

129 2100 190 2129 517
207 2090 240 2132 ὃ]
253 2091 486 2123 ἃΤὴεῐῃίεῑίυε
603 2100 666 2130 519
684 2090 803 2122 ἐκείνου
821 2089 1030 2120 Valckenaer
1146 2096 1211 2126 520
1235 2088 1403 2118 δουλεῦσαι
1421 2084 1452 2114 Α

129 2133 308 2174 (δουλεύσω
324 2134 425 2165 etiam
445 2134 485 2174 Σ)
545 2143 680 2164 versum
698 2133 762 2164 del.
781 2132 966 2163 Kirchhoff
1057 2140 1118 2170 521
1144 2128 1232 2162 τοῦτ’
1249 2129 1280 2159 V
1298 2140 1304 2159 z
1329 2138 1414 2159 corr.
1432 2139 1452 2158 v

129 2176 164 2209 δὲ
180 2187 247 2209 om.
264 2176 297 2207 A
407 2177 575 2218 φάσγανον
593 2176 619 2207 L
631 2176 658 2207 P
745 2185 808 2215 522
833 2174 996 2216 ζεύγνυσθ’
1013 2175 1127 2207 ἵππους
1143 2173 1176 2213 Μ
1191 2172 1223 2203 A
1271 2171 1450 2211 πίμπλασθ’

128 2220 161 2251 Α
279 2230 342 2260 523
357 2221 484 2260 μεθήσω
503 2220 530 2251 Ρ
645 2228 709 2259 525
733 2220 772 2251 τὰ
789 2218 816 2252 δ’
833 2219 908 2251 ἄλλ’
926 2218 958 2248 Α
1073 2226 1137 2257 527
1162 2216 1267 2257 τοῦτ’]
1284 2215 1353 2247 τόδ’
1370 2213 1401 2244 Α
1418 2219 1452 2244 et

131 2263 246 2295 Ioann.
268 2263 422 2295 Damaso.
441 2268 517 2303 post
534 2262 627 2294 Stob.
649 2263 756 2302 eclog.
775 2273 806 2303 p.
827 2272 900 2302 717,
919 2272 962 2300 29
979 2261 1137 2293 Gaisford
1225 2258 1350 2299 πικρόν]
1370 2257 1452 2298 βαρύ

129 2306 177 2338 Io.
200 2307 353 2338 Damasc.
489 2317 554 2346 529
569 2305 733 2347 ἡμπειρία]
749 2319 802 2348 γρ.
819 2306 871 2338 καὶ
889 2306 964 2347 πρὸς
981 2305 1112 2344 δοτικὴν
1129 2328 1135 2335 .
1153 2327 1161 2334 .
1181 2326 1188 2334 .
1212 2305 1253 2345 τῇ
1268 2301 1411 2343 ἐμπειρίᾳ
1427 2305 1451 2334 Σ

128 2359 193 2389 530
216 2350 321 2392 λέξαι]
340 2353 434 2392 δεῖξαι
452 2350 545 2382 Stob.
563 2351 595 2382 ss.
618 2358 686 2388 115.
708 2359 723 2379 1
