<?xml version="1.0" encoding="UTF-8"?>
<!DOCTYPE html PUBLIC "-//W3C//DTD XHTML 1.0 Transitional//EN"
    "http://www.w3.org/TR/xhtml1/DTD/xhtml1-transitional.dtd">
<html xmlns="http://www.w3.org/1999/xhtml" xml:lang="en" lang="en">
 <head>
  <title>
</title>
<meta http-equiv="Content-Type" content="text/html;charset=utf-8" />
  <meta name='ocr-system' content='tesseract 3.04.00' />
  <meta name='ocr-capabilities' content='ocr_page ocr_carea ocr_par ocr_line ocrx_word'/>
</head>
<body>
  <div class='ocr_page' id='page_1' title='image "./euripidisfabulae03euriuoft_0177.png"; bbox 0 0 1658 2740; ppageno 0'>
   <div class='ocr_carea' id='block_1_1' title="bbox 661 143 943 181">
    <p class='ocr_par' dir='ltr' id='par_1_1' title="bbox 661 143 943 181">
     <span class='ocr_line' id='line_1_1' title="bbox 661 143 943 181; baseline 0.011 -3"><span class='ocrx_word' id='word_1_1' title='bbox 661 143 943 181; x_wconf 83' lang='grc' dir='ltr'>ΟΡΕΣΤΗΣ</span> 
     </span>
    </p>
   </div>
   <div class='ocr_carea' id='block_1_2' title="bbox 131 244 1459 1434">
    <p class='ocr_par' dir='ltr' id='par_1_2' title="bbox 131 244 1459 1434">
     <span class='ocr_line' id='line_1_2' title="bbox 239 244 1127 300; baseline 0.006 -17"><span class='ocrx_word' id='word_1_2' title='bbox 239 244 290 283; x_wconf 89' lang='grc' dir='ltr'>σύ</span> <span class='ocrx_word' id='word_1_3' title='bbox 313 260 388 295; x_wconf 92' lang='grc' dir='ltr'>μου</span> <span class='ocrx_word' id='word_1_4' title='bbox 412 244 455 283; x_wconf 82' lang='grc' dir='ltr'>τὸ</span> <span class='ocrx_word' id='word_1_5' title='bbox 480 245 609 286; x_wconf 81' lang='grc' dir='ltr'>δεινὸν</span> <span class='ocrx_word' id='word_1_6' title='bbox 636 247 698 286; x_wconf 85' lang='grc' dir='ltr'>καὶ</span> <span class='ocrx_word' id='word_1_7' title='bbox 724 249 943 298; x_wconf 83' lang='grc' dir='ltr'>διαφθαρὲν</span> <span class='ocrx_word' id='word_1_8' title='bbox 971 252 1127 300; x_wconf 79' lang='grc' dir='ltr'>φρενῶν</span> 
     </span>
     <span class='ocr_line' id='line_1_3' title="bbox 238 312 1213 370; baseline 0.007 -20"><span class='ocrx_word' id='word_1_9' title='bbox 238 312 419 363; x_wconf 80' lang='grc' dir='ltr'>ἴσχναινε</span> <span class='ocrx_word' id='word_1_10' title='bbox 445 315 672 363; x_wconf 83' lang='grc' dir='ltr'>παραμυθοῦ</span> <span class='ocrx_word' id='word_1_11' title='bbox 698 312 745 352; x_wconf 85' lang='grc' dir='ltr'>θ’·</span> <span class='ocrx_word' id='word_1_12' title='bbox 790 313 884 353; x_wconf 90' lang='grc' dir='ltr'>ὅταν</span> <span class='ocrx_word' id='word_1_13' title='bbox 911 316 952 354; x_wconf 79' lang='grc' dir='ltr'>δὲ</span> <span class='ocrx_word' id='word_1_14' title='bbox 981 314 1031 354; x_wconf 85' lang='grc' dir='ltr'>σὺ</span> <span class='ocrx_word' id='word_1_15' title='bbox 1057 314 1213 370; x_wconf 76' lang='grc' dir='ltr'>στένῃς,</span> 
     </span>
     <span class='ocr_line' id='line_1_4' title="bbox 235 377 1094 432; baseline 0.002 -15"><span class='ocrx_word' id='word_1_16' title='bbox 235 377 336 427; x_wconf 76' lang='grc' dir='ltr'>ἡμᾶς</span> <span class='ocrx_word' id='word_1_17' title='bbox 361 379 557 429; x_wconf 73' lang='grc' dir='ltr'>παρόντας</span> <span class='ocrx_word' id='word_1_18' title='bbox 581 378 658 431; x_wconf 88' lang='grc' dir='ltr'>χρή</span> <span class='ocrx_word' id='word_1_19' title='bbox 685 396 732 420; x_wconf 90' lang='grc' dir='ltr'>σε</span> <span class='ocrx_word' id='word_1_20' title='bbox 759 382 957 420; x_wconf 80' lang='grc' dir='ltr'>νουθετεῖν</span> <span class='ocrx_word' id='word_1_21' title='bbox 983 381 1094 432; x_wconf 85' lang='grc' dir='ltr'>φίλα·</span> 
     </span>
     <span class='ocr_line' id='line_1_5' title="bbox 236 445 1459 497; baseline 0.003 -14"><span class='ocrx_word' id='word_1_22' title='bbox 236 445 450 496; x_wconf 84' lang='grc' dir='ltr'>ἐπικουρίαι</span> <span class='ocrx_word' id='word_1_23' title='bbox 475 446 549 496; x_wconf 81' lang='grc' dir='ltr'>γὰρ</span> <span class='ocrx_word' id='word_1_24' title='bbox 576 446 658 486; x_wconf 84' lang='grc' dir='ltr'>αἵδε</span> <span class='ocrx_word' id='word_1_25' title='bbox 684 449 765 488; x_wconf 84' lang='grc' dir='ltr'>τοῖς</span> <span class='ocrx_word' id='word_1_26' title='bbox 790 447 925 497; x_wconf 80' lang='grc' dir='ltr'>φίλοις</span> <span class='ocrx_word' id='word_1_27' title='bbox 950 448 1079 486; x_wconf 85' lang='grc' dir='ltr'>καλαί.</span> <span class='ocrx_word' id='word_1_28' title='bbox 1399 461 1459 492; x_wconf 81' lang='lat'>300</span> 
     </span>
     <span class='ocr_line' id='line_1_6' title="bbox 300 509 1126 563; baseline 0.005 -14"><span class='ocrx_word' id='word_1_29' title='bbox 300 510 405 557; x_wconf 88' lang='grc' dir='ltr'>ἀλλ’,</span> <span class='ocrx_word' id='word_1_30' title='bbox 431 509 461 550; x_wconf 69' lang='grc' dir='ltr'><em>ὦ</em></span> <span class='ocrx_word' id='word_1_31' title='bbox 486 511 665 557; x_wconf 88' lang='grc' dir='ltr'>τάλαινα,</span> <span class='ocrx_word' id='word_1_32' title='bbox 693 514 807 563; x_wconf 82' lang='grc' dir='ltr'>βᾶσα</span> <span class='ocrx_word' id='word_1_33' title='bbox 833 511 1020 563; x_wconf 82' lang='grc' dir='ltr'>δωμάτων</span> <span class='ocrx_word' id='word_1_34' title='bbox 1046 513 1126 553; x_wconf 83' lang='grc' dir='ltr'>ε”σω</span> 
     </span>
     <span class='ocr_line' id='line_1_7' title="bbox 232 576 1146 631; baseline 0.004 -14"><span class='ocrx_word' id='word_1_35' title='bbox 232 578 340 631; x_wconf 80' lang='grc' dir='ltr'>ὕπνῳ</span> <span class='ocrx_word' id='word_1_36' title='bbox 365 576 397 616; x_wconf 87' lang='grc' dir='ltr'>τ’</span> <span class='ocrx_word' id='word_1_37' title='bbox 422 577 570 618; x_wconf 81' lang='grc' dir='ltr'>ἄυπνον</span> <span class='ocrx_word' id='word_1_38' title='bbox 593 578 805 631; x_wconf 84' lang='grc' dir='ltr'>βλέφαρον</span> <span class='ocrx_word' id='word_1_39' title='bbox 833 581 1044 619; x_wconf 85' lang='grc' dir='ltr'>ἐκταθεῖσα</span> <span class='ocrx_word' id='word_1_40' title='bbox 1068 581 1146 627; x_wconf 86' lang='grc' dir='ltr'>δός,</span> 
     </span>
     <span class='ocr_line' id='line_1_8' title="bbox 234 643 1151 699; baseline 0.004 -16"><span class='ocrx_word' id='word_1_41' title='bbox 234 645 356 684; x_wconf 85' lang='grc' dir='ltr'>σίτων</span> <span class='ocrx_word' id='word_1_42' title='bbox 381 643 414 683; x_wconf 90' lang='grc' dir='ltr'>τ’</span> <span class='ocrx_word' id='word_1_43' title='bbox 441 643 572 696; x_wconf 84' lang='grc' dir='ltr'>ὄρεξαι</span> <span class='ocrx_word' id='word_1_44' title='bbox 595 645 742 697; x_wconf 89' lang='grc' dir='ltr'>λουτρά</span> <span class='ocrx_word' id='word_1_45' title='bbox 766 645 800 685; x_wconf 85' lang='grc' dir='ltr'>τ’</span> <span class='ocrx_word' id='word_1_46' title='bbox 826 647 1025 697; x_wconf 82' lang='grc' dir='ltr'>ἐπιβαλοῦ</span> <span class='ocrx_word' id='word_1_47' title='bbox 1048 646 1151 699; x_wconf 78' lang='grc' dir='ltr'>χροΐ.</span> 
     </span>
     <span class='ocr_line' id='line_1_9' title="bbox 232 709 1082 766; baseline 0.004 -16"><span class='ocrx_word' id='word_1_48' title='bbox 232 711 266 751; x_wconf 83' lang='grc' dir='ltr'>εἰ</span> <span class='ocrx_word' id='word_1_49' title='bbox 290 712 365 763; x_wconf 76' lang='grc' dir='ltr'>γὰρ</span> <span class='ocrx_word' id='word_1_50' title='bbox 390 712 624 764; x_wconf 77' lang='grc' dir='ltr'>προλείψεις</span> <span class='ocrx_word' id='word_1_51' title='bbox 648 709 671 762; x_wconf 77' lang='grc' dir='ltr'>ἢ</span> <span class='ocrx_word' id='word_1_52' title='bbox 700 713 936 766; x_wconf 79' lang='grc' dir='ltr'>προσεδρείᾳ</span> <span class='ocrx_word' id='word_1_53' title='bbox 959 713 1082 754; x_wconf 89' lang='grc' dir='ltr'>νόσον</span> 
     </span>
     <span class='ocr_line' id='line_1_10' title="bbox 231 776 1457 833; baseline 0.004 -17"><span class='ocrx_word' id='word_1_54' title='bbox 231 776 355 833; x_wconf 88' lang='grc' dir='ltr'>κτήσῃ</span> <span class='ocrx_word' id='word_1_55' title='bbox 381 777 468 823; x_wconf 79' lang='grc' dir='ltr'>τιν’,</span> <span class='ocrx_word' id='word_1_56' title='bbox 496 779 731 831; x_wconf 79' lang='grc' dir='ltr'>οἰχόμεσθα·</span> <span class='ocrx_word' id='word_1_57' title='bbox 772 781 819 820; x_wconf 81' lang='grc' dir='ltr'>σὲ</span> <span class='ocrx_word' id='word_1_58' title='bbox 845 781 919 831; x_wconf 75' lang='grc' dir='ltr'>γὰρ</span> <span class='ocrx_word' id='word_1_59' title='bbox 947 779 1025 833; x_wconf 85' lang='grc' dir='ltr'>ἔχω</span> <span class='ocrx_word' id='word_1_60' title='bbox 1050 781 1175 831; x_wconf 91' lang='grc' dir='ltr'>μόνην</span> <span class='ocrx_word' id='word_1_61' title='bbox 1395 794 1457 826; x_wconf 83' lang='grc'>305</span> 
     </span>
     <span class='ocr_line' id='line_1_11' title="bbox 230 844 1119 899; baseline 0.004 -16"><span class='ocrx_word' id='word_1_62' title='bbox 230 845 447 896; x_wconf 83' lang='grc' dir='ltr'>ἐπίκουρον,</span> <span class='ocrx_word' id='word_1_63' title='bbox 474 844 622 891; x_wconf 82' lang='grc' dir='ltr'>ἄλλων,</span> <span class='ocrx_word' id='word_1_64' title='bbox 651 846 702 888; x_wconf 86' lang='grc' dir='ltr'>ὡς</span> <span class='ocrx_word' id='word_1_65' title='bbox 730 846 831 899; x_wconf 75' lang='grc' dir='ltr'>ὁρξις,</span> <span class='ocrx_word' id='word_1_66' title='bbox 860 847 1001 897; x_wconf 84' lang='grc' dir='ltr'>ἔρημος</span> <span class='ocrx_word' id='word_1_67' title='bbox 1027 847 1090 887; x_wconf 84' lang='grc' dir='ltr'>ὤν.</span> <span class='ocrx_word' id='word_1_68' title='bbox 1116 860 1119 862; x_wconf 75' lang='grc'>’</span> 
     </span>
     <span class='ocr_line' id='line_1_12' title="bbox 131 910 1123 964; baseline 0.004 -15"><span class='ocrx_word' id='word_1_69' title='bbox 131 912 212 950; x_wconf 87' lang='grc' dir='ltr'>Ηλ.</span> <span class='ocrx_word' id='word_1_70' title='bbox 232 910 300 950; x_wconf 80' lang='grc' dir='ltr'>οὐκ</span> <span class='ocrx_word' id='word_1_71' title='bbox 325 910 423 951; x_wconf 84' lang='grc' dir='ltr'>ἔστι·</span> <span class='ocrx_word' id='word_1_72' title='bbox 464 912 538 951; x_wconf 85' lang='grc' dir='ltr'>σὺν</span> <span class='ocrx_word' id='word_1_73' title='bbox 565 912 630 952; x_wconf 88' lang='grc' dir='ltr'>σοὶ</span> <span class='ocrx_word' id='word_1_74' title='bbox 661 914 723 952; x_wconf 85' lang='grc' dir='ltr'>καὶ</span> <span class='ocrx_word' id='word_1_75' title='bbox 751 915 884 953; x_wconf 86' lang='grc' dir='ltr'>θανεῖν</span> <span class='ocrx_word' id='word_1_76' title='bbox 910 912 1123 964; x_wconf 82' lang='grc' dir='ltr'>αἱρήσομαι</span> 
     </span>
     <span class='ocr_line' id='line_1_13' title="bbox 229 976 1192 1036; baseline 0.005 -20"><span class='ocrx_word' id='word_1_77' title='bbox 229 977 290 1016; x_wconf 87' lang='grc' dir='ltr'>καὶ</span> <span class='ocrx_word' id='word_1_78' title='bbox 317 977 398 1027; x_wconf 77' lang='grc' dir='ltr'>ζῆν·</span> <span class='ocrx_word' id='word_1_79' title='bbox 437 978 520 1030; x_wconf 85' lang='grc' dir='ltr'>ἔχει</span> <span class='ocrx_word' id='word_1_80' title='bbox 546 980 620 1030; x_wconf 79' lang='grc' dir='ltr'>γὰρ</span> <span class='ocrx_word' id='word_1_81' title='bbox 648 979 801 1019; x_wconf 84' lang='grc' dir='ltr'>ταύτόν·</span> <span class='ocrx_word' id='word_1_82' title='bbox 838 976 886 1029; x_wconf 82' lang='grc' dir='ltr'>ἢν</span> <span class='ocrx_word' id='word_1_83' title='bbox 911 979 962 1019; x_wconf 82' lang='grc' dir='ltr'>σὺ</span> <span class='ocrx_word' id='word_1_84' title='bbox 989 979 1192 1036; x_wconf 83' lang='grc' dir='ltr'>κατθάνῃς,</span> 
     </span>
     <span class='ocr_line' id='line_1_14' title="bbox 227 1043 1086 1097; baseline 0.003 -14"><span class='ocrx_word' id='word_1_85' title='bbox 227 1043 324 1095; x_wconf 77' lang='grc' dir='ltr'>γυνὴ</span> <span class='ocrx_word' id='word_1_86' title='bbox 350 1045 392 1084; x_wconf 85' lang='grc' dir='ltr'>τί</span> <span class='ocrx_word' id='word_1_87' title='bbox 413 1043 563 1095; x_wconf 85' lang='grc' dir='ltr'>δράσω;</span> <span class='ocrx_word' id='word_1_88' title='bbox 605 1049 687 1086; x_wconf 83' lang='grc' dir='ltr'>πῶς</span> <span class='ocrx_word' id='word_1_89' title='bbox 711 1046 809 1096; x_wconf 89' lang='grc' dir='ltr'>μόνη</span> <span class='ocrx_word' id='word_1_90' title='bbox 840 1044 1086 1097; x_wconf 87' lang='grc' dir='ltr'>σωθήσομαι,</span> 
     </span>
     <span class='ocr_line' id='line_1_15' title="bbox 226 1110 1454 1164; baseline 0.005 -14"><span class='ocrx_word' id='word_1_91' title='bbox 226 1110 451 1163; x_wconf 86' lang='grc' dir='ltr'>ἀνάδελφος</span> <span class='ocrx_word' id='word_1_92' title='bbox 476 1110 639 1164; x_wconf 84' lang='grc' dir='ltr'>ἀπάτωρ</span> <span class='ocrx_word' id='word_1_93' title='bbox 666 1111 832 1163; x_wconf 82' lang='grc' dir='ltr'>ἄφιλος;</span> <span class='ocrx_word' id='word_1_94' title='bbox 874 1113 908 1152; x_wconf 88' lang='grc' dir='ltr'>εἶ</span> <span class='ocrx_word' id='word_1_95' title='bbox 932 1114 974 1152; x_wconf 81' lang='grc' dir='ltr'>δὲ</span> <span class='ocrx_word' id='word_1_96' title='bbox 999 1112 1064 1152; x_wconf 79' lang='grc' dir='ltr'>σοὶ</span> <span class='ocrx_word' id='word_1_97' title='bbox 1089 1116 1206 1158; x_wconf 80' lang='grc' dir='ltr'>δοκεῖ,</span> <span class='ocrx_word' id='word_1_98' title='bbox 1394 1126 1454 1156; x_wconf 81' lang='lat'>3¹0</span> 
     </span>
     <span class='ocr_line' id='line_1_16' title="bbox 226 1176 1267 1230; baseline 0.007 -14"><span class='ocrx_word' id='word_1_99' title='bbox 226 1179 320 1229; x_wconf 81' lang='grc' dir='ltr'>δρᾶν</span> <span class='ocrx_word' id='word_1_100' title='bbox 347 1176 423 1230; x_wconf 80' lang='grc' dir='ltr'>χρὴ</span> <span class='ocrx_word' id='word_1_101' title='bbox 449 1176 547 1217; x_wconf 81' lang='grc' dir='ltr'>τάδ’.</span> <span class='ocrx_word' id='word_1_102' title='bbox 619 1179 725 1218; x_wconf 81' lang='grc' dir='ltr'>ἀλλὰ</span> <span class='ocrx_word' id='word_1_103' title='bbox 756 1182 892 1219; x_wconf 82' lang='grc' dir='ltr'>κλῖνον</span> <span class='ocrx_word' id='word_1_104' title='bbox 917 1179 972 1220; x_wconf 84' lang='grc' dir='ltr'>εἷς</span> <span class='ocrx_word' id='word_1_105' title='bbox 997 1178 1113 1229; x_wconf 75' lang='grc' dir='ltr'>εὐνὴν</span> <span class='ocrx_word' id='word_1_106' title='bbox 1136 1178 1267 1229; x_wconf 84' lang='grc' dir='ltr'>δέμας,</span> 
     </span>
     <span class='ocr_line' id='line_1_17' title="bbox 226 1243 1216 1297; baseline 0.002 -14"><span class='ocrx_word' id='word_1_107' title='bbox 226 1243 288 1283; x_wconf 86' lang='grc' dir='ltr'>καὶ</span> <span class='ocrx_word' id='word_1_108' title='bbox 310 1243 363 1294; x_wconf 79' lang='grc' dir='ltr'>μὴ</span> <span class='ocrx_word' id='word_1_109' title='bbox 387 1246 431 1284; x_wconf 88' lang='grc' dir='ltr'>τὸ</span> <span class='ocrx_word' id='word_1_110' title='bbox 457 1247 629 1296; x_wconf 80' lang='grc' dir='ltr'>ταρβοῦν</span> <span class='ocrx_word' id='word_1_111' title='bbox 660 1245 891 1297; x_wconf 86' lang='grc' dir='ltr'>κάκφοβοῦν</span> <span class='ocrx_word' id='word_1_112' title='bbox 916 1244 956 1284; x_wconf 90' lang='grc' dir='ltr'>σ’</span> <span class='ocrx_word' id='word_1_113' title='bbox 983 1246 1023 1284; x_wconf 82' lang='grc' dir='ltr'>ἐκ</span> <span class='ocrx_word' id='word_1_114' title='bbox 1049 1247 1216 1296; x_wconf 83' lang='grc' dir='ltr'>δεμνίων</span> 
     </span>
     <span class='ocr_line' id='line_1_18' title="bbox 224 1309 1214 1365; baseline 0.003 -15"><span class='ocrx_word' id='word_1_115' title='bbox 224 1309 325 1363; x_wconf 85' lang='grc' dir='ltr'>ἄγαν</span> <span class='ocrx_word' id='word_1_116' title='bbox 350 1309 563 1364; x_wconf 89' lang='grc' dir='ltr'>ἀποδέχου,</span> <span class='ocrx_word' id='word_1_117' title='bbox 590 1311 684 1362; x_wconf 87' lang='grc' dir='ltr'>μένε</span> <span class='ocrx_word' id='word_1_118' title='bbox 708 1311 741 1351; x_wconf 86' lang='grc' dir='ltr'>δ’</span> <span class='ocrx_word' id='word_1_119' title='bbox 769 1311 833 1352; x_wconf 87' lang='grc' dir='ltr'>ἐπὶ</span> <span class='ocrx_word' id='word_1_120' title='bbox 858 1314 1035 1363; x_wconf 80' lang='grc' dir='ltr'>στρωτοῦ</span> <span class='ocrx_word' id='word_1_121' title='bbox 1058 1310 1214 1365; x_wconf 85' lang='grc' dir='ltr'>λέχους.</span> 
     </span>
     <span class='ocr_line' id='line_1_19' title="bbox 223 1376 1129 1434; baseline 0.003 -18"><span class='ocrx_word' id='word_1_122' title='bbox 223 1376 294 1418; x_wconf 79' lang='grc' dir='ltr'>κᾶν</span> <span class='ocrx_word' id='word_1_123' title='bbox 317 1376 370 1428; x_wconf 79' lang='grc' dir='ltr'>μὴ</span> <span class='ocrx_word' id='word_1_124' title='bbox 396 1383 518 1434; x_wconf 83' lang='grc' dir='ltr'>νοσῇς</span> <span class='ocrx_word' id='word_1_125' title='bbox 547 1377 635 1430; x_wconf 86' lang='grc' dir='ltr'>γάρ,</span> <span class='ocrx_word' id='word_1_126' title='bbox 664 1378 771 1418; x_wconf 82' lang='grc' dir='ltr'>ἀλλὰ</span> <span class='ocrx_word' id='word_1_127' title='bbox 794 1377 958 1434; x_wconf 78' lang='grc' dir='ltr'>δοξάζῃς</span> <span class='ocrx_word' id='word_1_128' title='bbox 983 1381 1129 1425; x_wconf 83' lang='grc' dir='ltr'>νοσεῖν,</span> 
     </span>
    </p>
   </div>
   <div class='ocr_carea' id='block_1_3' title="bbox 124 1443 1449 1598">
    <p class='ocr_par' dir='ltr' id='par_1_3' title="bbox 124 1443 1449 1598">
     <span class='ocr_line' id='line_1_20' title="bbox 225 1443 1449 1498; baseline 0.004 -14"><span class='ocrx_word' id='word_1_129' title='bbox 225 1443 394 1495; x_wconf 87' lang='grc' dir='ltr'>κάματος</span> <span class='ocrx_word' id='word_1_130' title='bbox 419 1447 629 1496; x_wconf 86' lang='grc' dir='ltr'>βροτοῖσιν</span> <span class='ocrx_word' id='word_1_131' title='bbox 657 1445 801 1496; x_wconf 86' lang='grc' dir='ltr'>ἀπορία</span> <span class='ocrx_word' id='word_1_132' title='bbox 825 1462 867 1485; x_wconf 95' lang='grc' dir='ltr'>τε</span> <span class='ocrx_word' id='word_1_133' title='bbox 892 1446 1081 1498; x_wconf 88' lang='grc' dir='ltr'>γίγνεται.</span> <span class='ocrx_word' id='word_1_134' title='bbox 1388 1458 1449 1489; x_wconf 82' lang='lat'>3¹5</span> 
     </span>
     <span class='ocr_line' id='line_1_21' title="bbox 124 1541 1446 1598; baseline 0.002 -14"><span class='ocrx_word' id='word_1_135' title='bbox 124 1546 197 1584; x_wconf 89' lang='grc' dir='ltr'>Χο.</span> <span class='ocrx_word' id='word_1_136' title='bbox 427 1546 520 1592; x_wconf 83' lang='grc' dir='ltr'>αἰαῖ,</span> <span class='ocrx_word' id='word_1_137' title='bbox 1343 1541 1446 1598; x_wconf 85' lang='grc' dir='ltr'>[στρ.</span> 
     </span>
    </p>
   </div>
   <div class='ocr_carea' id='block_1_4' title="bbox 291 1610 1444 1930">
    <p class='ocr_par' dir='ltr' id='par_1_4' title="bbox 291 1610 1444 1930">
     <span class='ocr_line' id='line_1_22' title="bbox 291 1610 800 1665; baseline 0 -13"><span class='ocrx_word' id='word_1_138' title='bbox 291 1611 478 1665; x_wconf 86' lang='grc' dir='ltr'>δρομάδες</span> <span class='ocrx_word' id='word_1_139' title='bbox 503 1610 532 1651; x_wconf 70' lang='grc' dir='ltr'><em>ὦ</em></span> <span class='ocrx_word' id='word_1_140' title='bbox 559 1612 800 1664; x_wconf 88' lang='grc' dir='ltr'>πτεροφόροι</span> 
     </span>
     <span class='ocr_line' id='line_1_23' title="bbox 423 1677 754 1724; baseline -0.003 -5"><span class='ocrx_word' id='word_1_141' title='bbox 423 1677 629 1720; x_wconf 88' lang='grc' dir='ltr'>ποτνιάδες</span> <span class='ocrx_word' id='word_1_142' title='bbox 655 1679 754 1724; x_wconf 86' lang='grc' dir='ltr'>θεαί,</span> 
     </span>
     <span class='ocr_line' id='line_1_24' title="bbox 353 1742 1086 1798; baseline -0.003 -13"><span class='ocrx_word' id='word_1_143' title='bbox 353 1743 602 1798; x_wconf 88' lang='grc' dir='ltr'>ἀβάκχευτον</span> <span class='ocrx_word' id='word_1_144' title='bbox 629 1744 668 1785; x_wconf 78' lang='grc' dir='ltr'>αἳ</span> <span class='ocrx_word' id='word_1_145' title='bbox 694 1744 835 1784; x_wconf 87' lang='grc' dir='ltr'>θίασον</span> <span class='ocrx_word' id='word_1_146' title='bbox 860 1742 1018 1796; x_wconf 81' lang='grc' dir='ltr'>ἐλάχετ’</span> <span class='ocrx_word' id='word_1_147' title='bbox 1044 1745 1086 1783; x_wconf 85' lang='grc' dir='ltr'>ἐν</span> 
     </span>
     <span class='ocr_line' id='line_1_25' title="bbox 421 1810 1444 1863; baseline 0.003 -13"><span class='ocrx_word' id='word_1_148' title='bbox 421 1810 585 1863; x_wconf 90' lang='grc' dir='ltr'>δάκρυσι</span> <span class='ocrx_word' id='word_1_149' title='bbox 612 1812 674 1851; x_wconf 88' lang='grc' dir='ltr'>καὶ</span> <span class='ocrx_word' id='word_1_150' title='bbox 698 1811 819 1863; x_wconf 85' lang='grc' dir='ltr'>γόοις,</span> <span class='ocrx_word' id='word_1_151' title='bbox 1382 1823 1444 1853; x_wconf 88' lang='lat'>320</span> 
     </span>
     <span class='ocr_line' id='line_1_26' title="bbox 354 1876 1074 1930; baseline -0.004 -12"><span class='ocrx_word' id='word_1_152' title='bbox 354 1876 636 1930; x_wconf 86' lang='grc' dir='ltr'>μελάγχρωτες</span> <span class='ocrx_word' id='word_1_153' title='bbox 663 1877 873 1928; x_wconf 80' lang='grc' dir='ltr'>εὐμενίδες,</span> <span class='ocrx_word' id='word_1_154' title='bbox 901 1877 984 1916; x_wconf 85' lang='grc' dir='ltr'>αἵτε</span> <span class='ocrx_word' id='word_1_155' title='bbox 1008 1879 1074 1916; x_wconf 84' lang='grc' dir='ltr'>τὸν</span> 
     </span>
    </p>
   </div>
   <div class='ocr_carea' id='block_1_5' title="bbox 164 1966 1445 2011">
    <p class='ocr_par' dir='ltr' id='par_1_5' title="bbox 164 1966 1445 2011">
     <span class='ocr_line' id='line_1_27' title="bbox 164 1966 1445 2011; baseline -0.002 -11"><span class='ocrx_word' id='word_1_156' title='bbox 164 1971 228 2010; x_wconf 84' lang='lat'>298</span> <span class='ocrx_word' id='word_1_157' title='bbox 259 1973 407 2010; x_wconf 76' lang='grc' dir='ltr'>ἴσχναινε</span> <span class='ocrx_word' id='word_1_158' title='bbox 433 1968 500 1999; x_wconf 90' lang='lat' dir='ltr'>LP</span> <span class='ocrx_word' id='word_1_159' title='bbox 525 1974 559 2000; x_wconf 88' lang='lat' dir='ltr'>et</span> <span class='ocrx_word' id='word_1_160' title='bbox 586 1983 637 2011; x_wconf 81' lang='grc' dir='ltr'>γρ.</span> <span class='ocrx_word' id='word_1_161' title='bbox 666 1969 723 2000; x_wconf 89' lang='lat' dir='ltr'>M:</span> <span class='ocrx_word' id='word_1_162' title='bbox 754 1972 882 2009; x_wconf 77' lang='grc' dir='ltr'>’ίσχαινε</span> <span class='ocrx_word' id='word_1_163' title='bbox 909 1968 958 2000; x_wconf 87' lang='lat' dir='ltr'>B:</span> <span class='ocrx_word' id='word_1_164' title='bbox 992 1970 1109 2008; x_wconf 72' lang='grc' dir='ltr'>ἴσχανε</span> <span class='ocrx_word' id='word_1_165' title='bbox 1135 1966 1255 1997; x_wconf 87' lang='lat' dir='ltr'>MAV</span> <span class='ocrx_word' id='word_1_166' title='bbox 1280 1971 1314 1997; x_wconf 84' lang='lat' dir='ltr'>et</span> <span class='ocrx_word' id='word_1_167' title='bbox 1340 1980 1391 2007; x_wconf 81' lang='grc' dir='ltr'>γρ.</span> <span class='ocrx_word' id='word_1_168' title='bbox 1420 1973 1445 2002; x_wconf 83' lang='grc' dir='ltr'>Σ</span> 
     </span>
    </p>
   </div>
   <div class='ocr_carea' id='block_1_6' title="bbox 117 2010 1445 2442">
    <p class='ocr_par' dir='ltr' id='par_1_6' title="bbox 117 2010 1445 2442">
     <span class='ocr_line' id='line_1_28' title="bbox 120 2010 1445 2052; baseline -0.002 -7"><span class='ocrx_word' id='word_1_169' title='bbox 120 2024 183 2052; x_wconf 86' lang='lat'>302</span> <span class='ocrx_word' id='word_1_170' title='bbox 209 2016 377 2046; x_wconf 81' lang='grc' dir='ltr'>ἐνταθεῖσα</span> <span class='ocrx_word' id='word_1_171' title='bbox 394 2012 420 2043; x_wconf 90' lang='grc' dir='ltr'><em>Ρ</em></span> <span class='ocrx_word' id='word_1_172' title='bbox 536 2022 600 2051; x_wconf 85' lang='grc'>303</span> <span class='ocrx_word' id='word_1_173' title='bbox 625 2012 724 2045; x_wconf 82' lang='grc' dir='ltr'>σίτων</span> <span class='ocrx_word' id='word_1_174' title='bbox 741 2012 774 2042; x_wconf 95' lang='grc' dir='ltr'>Μ</span> <span class='ocrx_word' id='word_1_175' title='bbox 788 2012 815 2042; x_wconf 84' lang='grc' dir='ltr'>Β</span> <span class='ocrx_word' id='word_1_176' title='bbox 830 2023 836 2042; x_wconf 77' lang='lat' dir='ltr'>t</span> <span class='ocrx_word' id='word_1_177' title='bbox 863 2014 954 2044; x_wconf 83' lang='grc' dir='ltr'>σῖτον</span> <span class='ocrx_word' id='word_1_178' title='bbox 970 2010 1014 2041; x_wconf 78' lang='grc' dir='ltr'>Β2</span> <span class='ocrx_word' id='word_1_179' title='bbox 1033 2011 1102 2041; x_wconf 80' lang='lat' dir='ltr'>rell.</span> <span class='ocrx_word' id='word_1_180' title='bbox 1123 2015 1167 2049; x_wconf 86' lang='lat' dir='ltr'>et,</span> <span class='ocrx_word' id='word_1_181' title='bbox 1185 2015 1221 2040; x_wconf 94' lang='lat' dir='ltr'>ut</span> <span class='ocrx_word' id='word_1_182' title='bbox 1237 2010 1380 2049; x_wconf 84' lang='lat' dir='ltr'>videtur,</span> <span class='ocrx_word' id='word_1_183' title='bbox 1398 2015 1422 2045; x_wconf 84' lang='grc' dir='ltr'>Σ</span> <span class='ocrx_word' id='word_1_184' title='bbox 1438 2023 1445 2042; x_wconf 89' lang='lat'>:</span> 
     </span>
     <span class='ocr_line' id='line_1_29' title="bbox 121 2053 1445 2097; baseline -0.003 -9"><span class='ocrx_word' id='word_1_185' title='bbox 121 2058 211 2089; x_wconf 85' lang='grc' dir='ltr'>σίτου</span> <span class='ocrx_word' id='word_1_186' title='bbox 229 2057 390 2095; x_wconf 86' lang='lat' dir='ltr'>Hartung</span> <span class='ocrx_word' id='word_1_187' title='bbox 501 2055 621 2097; x_wconf 86' lang='grc' dir='ltr'>λουτρά</span> <span class='ocrx_word' id='word_1_188' title='bbox 637 2055 683 2096; x_wconf 88' lang='grc' dir='ltr'>τ’]</span> <span class='ocrx_word' id='word_1_189' title='bbox 705 2056 814 2096; x_wconf 80' lang='grc' dir='ltr'>λούτρ’</span> <span class='ocrx_word' id='word_1_190' title='bbox 834 2055 866 2085; x_wconf 91' lang='grc' dir='ltr'><strong>Μ</strong></span> <span class='ocrx_word' id='word_1_191' title='bbox 981 2056 1138 2091; x_wconf 83' lang='grc' dir='ltr'>ἐπιβαλοῦ</span> <span class='ocrx_word' id='word_1_192' title='bbox 1155 2054 1232 2094; x_wconf 76' lang='grc' dir='ltr'>χροΐ</span> <span class='ocrx_word' id='word_1_193' title='bbox 1246 2053 1421 2084; x_wconf 86' lang='lat' dir='ltr'>Hermann</span> <span class='ocrx_word' id='word_1_194' title='bbox 1438 2065 1445 2084; x_wconf 80' lang='lat' dir='ltr'>z</span> 
     </span>
     <span class='ocr_line' id='line_1_30' title="bbox 121 2096 1443 2141; baseline -0.004 -9"><span class='ocrx_word' id='word_1_195' title='bbox 121 2102 171 2132; x_wconf 80' lang='grc' dir='ltr'>ἐπὶ</span> <span class='ocrx_word' id='word_1_196' title='bbox 190 2102 269 2141; x_wconf 83' lang='grc' dir='ltr'>χροῒ</span> <span class='ocrx_word' id='word_1_197' title='bbox 281 2099 364 2137; x_wconf 86' lang='grc' dir='ltr'>βάλε</span> <span class='ocrx_word' id='word_1_198' title='bbox 383 2099 453 2129; x_wconf 85' lang='lat' dir='ltr'>fere</span> <span class='ocrx_word' id='word_1_199' title='bbox 474 2099 570 2129; x_wconf 90' lang='lat' dir='ltr'>codd.</span> <span class='ocrx_word' id='word_1_200' title='bbox 590 2098 735 2135; x_wconf 83' lang='grc' dir='ltr'>(βάλλευ</span> <span class='ocrx_word' id='word_1_201' title='bbox 754 2098 800 2136; x_wconf 82' lang='lat' dir='ltr'>M,</span> <span class='ocrx_word' id='word_1_202' title='bbox 819 2098 922 2135; x_wconf 86' lang='grc' dir='ltr'>βάλεν</span> <span class='ocrx_word' id='word_1_203' title='bbox 939 2098 1093 2136; x_wconf 85' lang='lat' dir='ltr'>primitus</span> <span class='ocrx_word' id='word_1_204' title='bbox 1112 2096 1156 2137; x_wconf 87' lang='lat' dir='ltr'>B)</span> <span class='ocrx_word' id='word_1_205' title='bbox 1284 2107 1346 2136; x_wconf 87' lang='lat'>304</span> <span class='ocrx_word' id='word_1_206' title='bbox 1371 2111 1443 2139; x_wconf 84' lang='grc' dir='ltr'>προ-</span> 
     </span>
     <span class='ocr_line' id='line_1_31' title="bbox 119 2141 1440 2184; baseline -0.003 -9"><span class='ocrx_word' id='word_1_207' title='bbox 119 2144 241 2184; x_wconf 79' lang='grc' dir='ltr'>λείψεις</span> <span class='ocrx_word' id='word_1_208' title='bbox 264 2145 297 2183; x_wconf 77' lang='grc' dir='ltr'>μ’</span> <span class='ocrx_word' id='word_1_209' title='bbox 314 2143 412 2174; x_wconf 81' lang='lat' dir='ltr'><strong>COdd·</strong></span> <span class='ocrx_word' id='word_1_210' title='bbox 432 2146 465 2173; x_wconf 70' lang='lat' dir='ltr'>et</span> <span class='ocrx_word' id='word_1_211' title='bbox 482 2146 505 2176; x_wconf 83' lang='grc' dir='ltr'>Σ</span> <span class='ocrx_word' id='word_1_212' title='bbox 522 2153 528 2172; x_wconf 88' lang='lat'>:</span> <span class='ocrx_word' id='word_1_213' title='bbox 562 2143 595 2183; x_wconf 80' lang='grc' dir='ltr'>μ’</span> <span class='ocrx_word' id='word_1_214' title='bbox 613 2144 704 2175; x_wconf 88' lang='lat' dir='ltr'>delet</span> <span class='ocrx_word' id='word_1_215' title='bbox 722 2143 835 2182; x_wconf 76' lang='lat' dir='ltr'>Paley,</span> <span class='ocrx_word' id='word_1_216' title='bbox 855 2143 893 2173; x_wconf 89' lang='lat' dir='ltr'>cl.</span> <span class='ocrx_word' id='word_1_217' title='bbox 913 2141 999 2172; x_wconf 83' lang='lat' dir='ltr'>Hec.</span> <span class='ocrx_word' id='word_1_218' title='bbox 1017 2141 1080 2179; x_wconf 82' lang='lat'>438</span> <span class='ocrx_word' id='word_1_219' title='bbox 1159 2142 1330 2182; x_wconf 82' lang='grc' dir='ltr'>προσεδρίᾳ</span> <span class='ocrx_word' id='word_1_220' title='bbox 1354 2151 1440 2171; x_wconf 84' lang='lat' dir='ltr'>rece.</span> 
     </span>
     <span class='ocr_line' id='line_1_32' title="bbox 120 2183 1444 2226; baseline -0.005 -7"><span class='ocrx_word' id='word_1_221' title='bbox 120 2187 217 2219; x_wconf 85' lang='grc' dir='ltr'>νόσου</span> <span class='ocrx_word' id='word_1_222' title='bbox 232 2186 386 2226; x_wconf 81' lang='lat' dir='ltr'>primitus</span> <span class='ocrx_word' id='word_1_223' title='bbox 404 2186 431 2216; x_wconf 93' lang='lat' dir='ltr'>L</span> <span class='ocrx_word' id='word_1_224' title='bbox 551 2195 612 2224; x_wconf 86' lang='lat'>307</span> <span class='ocrx_word' id='word_1_225' title='bbox 638 2186 687 2216; x_wconf 79' lang='grc' dir='ltr'>σοὶ</span> <span class='ocrx_word' id='word_1_226' title='bbox 705 2186 873 2216; x_wconf 77' lang='grc' dir='ltr'>κατθανεῖν</span> <span class='ocrx_word' id='word_1_227' title='bbox 888 2183 958 2213; x_wconf 92' lang='lat' dir='ltr'>AV</span> <span class='ocrx_word' id='word_1_228' title='bbox 1091 2193 1155 2222; x_wconf 85' lang='lat'>309</span> <span class='ocrx_word' id='word_1_229' title='bbox 1181 2184 1375 2223; x_wconf 79' lang='grc' dir='ltr'>συνθήσομαι</span> <span class='ocrx_word' id='word_1_230' title='bbox 1392 2184 1423 2213; x_wconf 93' lang='lat' dir='ltr'>V</span> <span class='ocrx_word' id='word_1_231' title='bbox 1438 2195 1444 2214; x_wconf 90' lang='lat'><strong>:</strong></span> 
     </span>
     <span class='ocr_line' id='line_1_33' title="bbox 119 2226 1442 2269; baseline -0.005 -8"><span class='ocrx_word' id='word_1_232' title='bbox 119 2241 203 2262; x_wconf 88' lang='lat' dir='ltr'>corr.</span> <span class='ocrx_word' id='word_1_233' title='bbox 216 2241 237 2261; x_wconf 83' lang='lat' dir='ltr'><em>v</em></span> <span class='ocrx_word' id='word_1_234' title='bbox 324 2234 400 2269; x_wconf 86' lang='lat' dir='ltr'>post</span> <span class='ocrx_word' id='word_1_235' title='bbox 417 2239 480 2268; x_wconf 85' lang='lat'>312</span> <span class='ocrx_word' id='word_1_236' title='bbox 498 2229 641 2267; x_wconf 88' lang='lat' dir='ltr'>spatium</span> <span class='ocrx_word' id='word_1_237' title='bbox 661 2228 759 2258; x_wconf 91' lang='lat' dir='ltr'>unius</span> <span class='ocrx_word' id='word_1_238' title='bbox 771 2236 890 2257; x_wconf 84' lang='lat' dir='ltr'>versus</span> <span class='ocrx_word' id='word_1_239' title='bbox 907 2227 941 2256; x_wconf 87' lang='lat' dir='ltr'>in</span> <span class='ocrx_word' id='word_1_240' title='bbox 955 2226 985 2256; x_wconf 91' lang='lat' dir='ltr'><strong>A</strong></span> <span class='ocrx_word' id='word_1_241' title='bbox 1075 2236 1138 2265; x_wconf 88' lang='lat'>314</span> <span class='ocrx_word' id='word_1_242' title='bbox 1163 2229 1260 2269; x_wconf 70' lang='grc' dir='ltr'>νοσῇς</span> <span class='ocrx_word' id='word_1_243' title='bbox 1278 2227 1344 2256; x_wconf 88' lang='lat' dir='ltr'>BV</span> <span class='ocrx_word' id='word_1_244' title='bbox 1356 2227 1382 2257; x_wconf 92' lang='lat' dir='ltr'><strong>L</strong></span> <span class='ocrx_word' id='word_1_245' title='bbox 1395 2226 1421 2257; x_wconf 89' lang='lat' dir='ltr'>P</span> <span class='ocrx_word' id='word_1_246' title='bbox 1436 2239 1442 2257; x_wconf 67' lang='grc' dir='ltr'>ς</span> 
     </span>
     <span class='ocr_line' id='line_1_34' title="bbox 118 2269 1443 2312; baseline -0.004 -7"><span class='ocrx_word' id='word_1_247' title='bbox 118 2274 198 2310; x_wconf 83' lang='grc' dir='ltr'>νόση</span> <span class='ocrx_word' id='word_1_248' title='bbox 223 2274 283 2304; x_wconf 88' lang='lat' dir='ltr'>Ab</span> <span class='ocrx_word' id='word_1_249' title='bbox 307 2278 340 2302; x_wconf 84' lang='lat' dir='ltr'>et</span> <span class='ocrx_word' id='word_1_250' title='bbox 364 2272 573 2302; x_wconf 83' lang='lat' dir='ltr'>Callistratus</span> <span class='ocrx_word' id='word_1_251' title='bbox 597 2272 684 2310; x_wconf 86' lang='lat' dir='ltr'>apud</span> <span class='ocrx_word' id='word_1_252' title='bbox 709 2275 754 2304; x_wconf 72' lang='grc' dir='ltr'>Σε</span> <span class='ocrx_word' id='word_1_253' title='bbox 788 2270 928 2311; x_wconf 80' lang='grc' dir='ltr'>νοσήσῃς</span> <span class='ocrx_word' id='word_1_254' title='bbox 951 2269 984 2298; x_wconf 93' lang='grc' dir='ltr'><strong>Μ</strong></span> <span class='ocrx_word' id='word_1_255' title='bbox 1113 2269 1243 2312; x_wconf 74' lang='grc' dir='ltr'>δοξάζῃς</span> <span class='ocrx_word' id='word_1_256' title='bbox 1271 2270 1443 2300; x_wconf 89' lang='lat' dir='ltr'>MBLP:</span> 
     </span>
     <span class='ocr_line' id='line_1_35' title="bbox 118 2308 1441 2358; baseline -0.002 -12"><span class='ocrx_word' id='word_1_257' title='bbox 118 2308 256 2358; x_wconf 63' lang='grc' dir='ltr'>δοξάζεις</span> <span class='ocrx_word' id='word_1_258' title='bbox 278 2315 329 2346; x_wconf 92' lang='lat' dir='ltr'>V:</span> <span class='ocrx_word' id='word_1_259' title='bbox 366 2315 477 2357; x_wconf 75' lang='grc' dir='ltr'>δοξάζῃ</span> <span class='ocrx_word' id='word_1_260' title='bbox 503 2324 667 2354; x_wconf 83' lang='lat' dir='ltr'>suprascr.</span> <span class='ocrx_word' id='word_1_261' title='bbox 693 2314 724 2344; x_wconf 94' lang='lat' dir='ltr'><strong>A</strong></span> <span class='ocrx_word' id='word_1_262' title='bbox 749 2318 782 2344; x_wconf 87' lang='lat' dir='ltr'>et</span> <span class='ocrx_word' id='word_1_263' title='bbox 807 2312 1016 2344; x_wconf 84' lang='lat' dir='ltr'>Callistratus</span> <span class='ocrx_word' id='word_1_264' title='bbox 1044 2312 1179 2353; x_wconf 75' lang='grc' dir='ltr'>(δοξάζει</span> <span class='ocrx_word' id='word_1_265' title='bbox 1211 2314 1244 2343; x_wconf 89' lang='lat' dir='ltr'>in</span> <span class='ocrx_word' id='word_1_266' title='bbox 1277 2318 1373 2343; x_wconf 86' lang='lat' dir='ltr'>textu</span> <span class='ocrx_word' id='word_1_267' title='bbox 1396 2312 1441 2353; x_wconf 89' lang='lat' dir='ltr'>A)</span> 
     </span>
     <span class='ocr_line' id='line_1_36' title="bbox 119 2355 1442 2399; baseline 0 -10"><span class='ocrx_word' id='word_1_268' title='bbox 119 2369 179 2399; x_wconf 82' lang='lat'>317</span> <span class='ocrx_word' id='word_1_269' title='bbox 204 2360 227 2391; x_wconf 76' lang='grc' dir='ltr'>ὦ</span> <span class='ocrx_word' id='word_1_270' title='bbox 244 2369 308 2389; x_wconf 88' lang='lat' dir='ltr'>om.</span> <span class='ocrx_word' id='word_1_271' title='bbox 324 2359 355 2388; x_wconf 88' lang='lat' dir='ltr'><strong>A</strong></span> <span class='ocrx_word' id='word_1_272' title='bbox 481 2368 553 2398; x_wconf 70' lang='lat'>3197</span> <span class='ocrx_word' id='word_1_273' title='bbox 573 2368 637 2396; x_wconf 84' lang='lat'>320</span> <span class='ocrx_word' id='word_1_274' title='bbox 661 2357 802 2398; x_wconf 82' lang='grc' dir='ltr'>ἐλάχετε</span> <span class='ocrx_word' id='word_1_275' title='bbox 820 2356 949 2398; x_wconf 84' lang='grc' dir='ltr'>δάκρυσι</span> <span class='ocrx_word' id='word_1_276' title='bbox 965 2355 992 2385; x_wconf 88' lang='grc' dir='ltr'><em>Ρ</em></span> <span class='ocrx_word' id='word_1_277' title='bbox 1122 2365 1183 2394; x_wconf 87' lang='lat'>321</span> <span class='ocrx_word' id='word_1_278' title='bbox 1208 2360 1442 2398; x_wconf 79' lang='grc' dir='ltr'>μελαγχρῶτες</span> 
     </span>
     <span class='ocr_line' id='line_1_37' title="bbox 117 2401 596 2442; baseline -0.006 -9"><span class='ocrx_word' id='word_1_279' title='bbox 117 2404 212 2434; x_wconf 90' lang='lat' dir='ltr'>codd.</span> <span class='ocrx_word' id='word_1_280' title='bbox 306 2402 464 2442; x_wconf 83' lang='grc' dir='ltr'>εὐμενίδες</span> <span class='ocrx_word' id='word_1_281' title='bbox 481 2412 543 2431; x_wconf 88' lang='lat' dir='ltr'>om.</span> <span class='ocrx_word' id='word_1_282' title='bbox 565 2401 596 2430; x_wconf 87' lang='lat' dir='ltr'><strong>A</strong></span> 
     </span>
    </p>
   </div>
   <div class='ocr_carea' id='block_1_7' title="bbox 197 2467 350 2488">
    <p class='ocr_par' dir='ltr' id='par_1_7' title="bbox 197 2467 350 2488">
     <span class='ocr_line' id='line_1_38' title="bbox 197 2467 350 2488; baseline 0 0"><span class='ocrx_word' id='word_1_283' title='bbox 197 2467 280 2488; x_wconf 79' lang='lat' dir='ltr'>EUR.</span> <span class='ocrx_word' id='word_1_284' title='bbox 301 2467 350 2488; x_wconf 81' lang='lat'>111.</span> 
     </span>
    </p>
   </div>
  </div>
 </body>
</html>
