1658 2740
720 143 929 180 EAENH
1480 128 1545 156 Ν

258 250 326 288 νῦν
351 246 384 287 δ’
408 249 504 287 ὄντα
530 247 591 287 καὶ
617 246 782 287 σωθέντ’
809 247 1148 299 ἀφαιρεθήσομαι;

323 313 374 364 μὴ
400 315 509 364 δῆτα,
536 313 709 365 παρθέν’,
737 312 843 353 ἀλλά
868 313 907 353 σ’
933 315 1089 354 ἱκετεύω
1114 315 1215 355 τόδε·

258 383 324 421 δὸς
348 379 417 430 τὴν
443 379 560 433 χάριν
583 397 650 431 μοι
674 378 790 429 τήνδε
817 381 879 420 καὶ
903 384 1021 431 μιμοῦ
1046 381 1212 432 τρόπους
1420 396 1483 426 94Ο

257 445 402 497 πατρὸς
426 447 587 486 δικαίου·
625 447 739 487 παισὶ
764 448 838 498 γὰρ
867 446 980 488 κλέος
1003 447 1091 487 τόδε

259 511 488 558 κάλλιστον,
516 513 627 554 ὅστις
652 514 695 552 ἐκ
713 512 859 564 πατρὸς
884 517 1059 567 χρηστοῦ
1087 514 1214 566 γεγὼς

257 579 296 619 ἐς
319 578 460 619 ταύτὸν
485 577 581 628 ἦλθε
607 582 689 620 τοῖς
714 583 872 619 τεκοῦσι
896 579 985 620 τοὺς
1010 581 1188 632 τρόπους.

156 647 228 686 Xo.
257 645 411 697 οἰκτρὸν
434 647 506 696 μὲν
531 647 568 685 οἱ
593 646 785 697 παρόντες
810 647 851 686 ἐν
876 645 985 700 μέσῳ
1018 647 1146 698 λόγοι,

256 713 389 764 οἰκτρὰ
414 714 455 752 δὲ
482 713 544 752 καὶ
571 712 634 753 σύ.
705 712 795 754 τοὺς
821 715 862 754 δὲ
889 712 1079 753 Μενέλεω
1106 715 1213 753 ποθῶ
1419 727 1480 759 945

255 778 399 831 λόγους
424 779 590 819 ἀκοῦσαι
614 780 722 820 τίνας
750 781 831 831 ἐρεῖ
851 782 986 833 ψυχῆς
1012 779 1111 832 πέρι.

157 848 234 886 Με.
256 846 333 897 ἐγὼ
359 845 432 885 σὸν
458 845 536 885 οὔτ’
561 844 609 886 ἂν
635 850 883 898 προσπεσεῖν
909 847 1049 897 τλαίην
1073 847 1169 899 γόνυ

256 911 334 952 οὔτ’
359 911 407 952 ἂν
433 915 621 964 δακρῦσαι
645 912 849 965 βλέφαρα·
887 913 958 963 τὴν
981 914 1130 964 Τροίαν
1154 915 1230 966 γὰρ
1254 914 1304 955 ἂν

255 978 378 1019 δειλοὶ
402 979 608 1030 γενόμενοι
632 983 826 1019 πλεῖστον
851 980 1108 1032 αἰσχύνοιμεν
1132 979 1193 1020 ἄν.

249 1046 374 1085 καίτοι
391 1044 581 1096 λέγουσιν
607 1045 657 1086 ὡς
682 1044 779 1096 πρὸς
804 1046 942 1096 ἀνδρὸς
968 1046 1150 1097 εὐγενοῦς
1418 1060 1482 1092 95Ο

256 1113 297 1151 ἐν
322 1110 564 1163 ξυμφοραῖσι
591 1110 721 1162 δάκρυ’
747 1110 813 1151 ἀπ’
839 1112 1057 1163 ὀφθαλμῶν
1083 1116 1241 1163 βαλεῖν.

253 1177 345 1218 ἀλλ’
371 1177 461 1231 οὐχὶ
485 1181 598 1217 τοῦτο
623 1177 667 1218 τὸ
694 1179 829 1224 καλόν,
857 1178 891 1219 εἰ
917 1178 1040 1219 καλὸν
1064 1179 1165 1225 τόδε,

254 1243 467 1296 αἱρήσομαι
492 1244 561 1296 ’γὼ
586 1245 739 1296 πρόσθε
763 1246 831 1295 τῆς
857 1244 1064 1298 εὐψυχίας.

255 1310 359 1357 ἀλλ’,
388 1312 420 1351 εἰ
444 1313 516 1362 μὲν
541 1311 662 1363 ἄνδρα
688 1328 752 1351 σοι
777 1314 886 1352 δοκεῖ
908 1316 1040 1367 σῷσαι
1064 1310 1176 1362 ξένον

257 1377 444 1428 ζητοῦντά
468 1377 506 1430 γ’
532 1378 657 1429 ὀρθῶς
682 1378 907 1429 ἀπολαβεῖν
933 1378 1094 1431 δάμαρτ’
1119 1379 1228 1430 ἐμήν,
1418 1393 1481 1425 955

254 1445 399 1486 ἀπόδος
422 1462 464 1485 τε
491 1444 552 1484 καὶ
578 1447 673 1497 πρὸς
700 1449 848 1499 σῷσον·
887 1447 920 1485 εἰ
945 1447 987 1486 δὲ
1011 1445 1063 1496 μὴ
1089 1448 1207 1492 δοκεῖ,

253 1512 330 1563 ἐγὼ
355 1513 428 1561 μὲν
453 1511 497 1551 οὐ
521 1515 590 1552 νῦν
614 1515 768 1563 πρῶτον
792 1513 898 1552 ἀλλὰ
923 1511 1117 1554 πολλάκις

251 1577 388 1619 ἄθλιος
411 1577 459 1618 ἂν
485 1579 578 1628 εἵην,
608 1577 659 1618 σὺ
684 1580 725 1619 δὲ
749 1579 846 1630 γυνὴ
873 1578 968 1629 κακὴ
995 1584 1114 1636 φανῇ.

252 1645 275 1684 ἃ
300 1644 333 1683 δ’
359 1643 435 1694 ἄξι’
459 1644 569 1694 ἡμῶν
593 1644 656 1684 καὶ
680 1644 793 1685 δίκαι’
819 1645 1018 1697 ἡγούμεθα

254 1711 316 1750 καὶ
342 1713 416 1760 σῆς
439 1710 617 1761 μάλιστα
643 1713 802 1763 καρδίας
828 1711 1061 1764 ἀνθάψεται,
1418 1716 1482 1757 960

253 1775 356 1827 λέξω
381 1777 464 1816 τάδ’
490 1778 592 1828 ἀμφὶ
617 1781 751 1828 μνῆμα
776 1782 850 1818 σοῦ
875 1778 1020 1830 πατρὸς
1045 1778 1167 1832 πόθῳ·

313 1842 371 1882 Ἷὶ
396 1843 525 1895 γέρον,
553 1843 595 1886 ὃς
621 1846 739 1886 οἰκεῖς
763 1845 877 1885 τόνδε
900 1844 1039 1885 λάινον
1064 1844 1205 1896 τάφον,

254 1911 411 1955 ἀπόδος,
438 1910 590 1949 ἀπαιτῶ
615 1909 686 1959 τὴν
713 1910 808 1961 ἐμὴν
834 1910 1009 1961 δάμαρτά
1035 1928 1095 1959 σε,

251 1975 300 2026 ἢν
326 1975 424 2017 Ζεὺς
449 1976 606 2028 ἔπεμψε
632 1977 745 2028 δεῦρό
771 1994 836 2016 σοι
861 1975 998 2030 σῴζειν
1024 1978 1121 2027 ἐμοί.

254 2042 324 2082 οἶδ’
350 2042 473 2082 οὕνεκ’
498 2042 589 2092 ἡμῖν
615 2042 747 2082 οὔποτ’
774 2043 995 2084 ἀποδώσεις
1021 2043 1162 2082 θανών·
1415 2047 1478 2086 965

194 2145 255 2174 941
281 2137 369 2167 παισὶ
385 2134 478 2165 Stob.
494 2135 528 2164 ss.
539 2135 590 2174 89.
603 2144 636 2165 2:
661 2136 745 2166 παιδὶ
760 2134 785 2164 L
797 2134 824 2164 P
901 2145 965 2174 943
976 2134 1175 2175 τῶντρόπων
1187 2133 1315 2164 Reiske
1394 2145 1480 2173 944-

149 2181 215 2217 946
245 2178 427 2209 Theonoae
456 2178 606 2208 tribuunt
635 2177 660 2207 L
680 2177 726 2208 P:
759 2178 873 2208 Choro
907 2179 1015 2209 Ludv.
1052 2177 1201 2207 Dindorf
1321 2187 1384 2216 944
1417 2180 1479 2210 οἷκ-

150 2223 249 2263 ·rpolp
369 2230 431 2261 945
455 2222 529 2253 τοὺς
542 2221 739 2251 Hermann:
765 2224 822 2253 τοῦ
840 2221 867 2251 L
882 2221 908 2251 P
1026 2230 1089 2260 953
1115 2221 1170 2262 ’γὼ
1191 2221 1334 2251 Porson:
1358 2221 1396 2251 τὸ
1413 2220 1477 2251 LP

151 2265 304 2305 εὐψυχίας
328 2263 522 2303 Tyrwhitt:
555 2264 751 2303 εὐδαιμονίας
781 2264 845 2294 LP
872 2264 1056 2305 (glossema
1083 2264 1224 2295 fortasse
1251 2268 1430 2303 corruptae
1455 2263 1476 2294 l.

151 2308 341 2348 εὐτυχίας);
377 2307 537 2349 εὐανδρίας
558 2312 583 2346 p
730 2316 791 2346 957
826 2307 875 2338 Cf.
907 2308 995 2338 Med.
1026 2309 1111 2347 446:
1149 2308 1271 2338 iniuria
1300 2311 1477 2346 suspectus

148 2353 209 2390 961
235 2351 322 2393 τάδ’]
342 2351 408 2384 τόδ’
425 2350 595 2389 Tyrwhitt
684 2349 786 2391 πόθῳ]
805 2352 912 2383 πεσών
930 2351 1082 2382 Badham
1229 2352 1292 2391 962
1317 2352 1351 2382 ὃς
1369 2351 1409 2380 L²
1429 2350 1477 2380 P:

149 2396 189 2426 ὣς
204 2395 230 2424 L
332 2395 424 2427 λαΐον
441 2394 467 2424 Ρ
483 2405 490 2424 :
515 2403 599 2424 corr.
611 2398 637 2433 p
779 2395 843 2433 965
869 2395 1044 2427 ἀποδώσεις
1062 2394 1258 2433 Stephanus
1273 2405 1280 2425 z
1305 2393 1476 2426 ἆπολέσεις

151 2437 176 2467 L
190 2438 216 2468 P
234 2450 240 2470 :
265 2438 419 2478 ὀφλήσεις
438 2437 557 2468 Nauck
647 2438 739 2468 αὐτὸς
759 2437 867 2470 οὔποτ’
885 2439 1060 2471 ἀποδώσεις
1081 2438 1260 2469 Kirchhoff
