1658 2740
99 294 170 331 Κλ.

161 388 169 398 .
195 356 299 403 ἀλλ’,
328 355 357 397 ὦ
384 358 483 410 φίλη
510 355 714 402 δέσποινα,
741 357 819 396 πᾶν
843 355 972 412 πεύσῃ
999 358 1153 408 σαφῶς.

144 2237 225 2274 Ῑ538
250 2233 351 2274 δεινὰ]
369 2236 464 2267 κεδνὰ
479 2234 571 2266 Weil
591 2247 597 2265 :
620 2236 730 2266 malim
748 2237 860 2268 κλεινὰ

354 122 682 158 ΙψΙΓΕΝΕΙΑ
736 122 770 158 Η
826 122 900 158 EN
952 121 1164 158 ΑΤᾹΙΔΙ

195 223 398 275 θαυμαστά
427 240 490 264 σοι
519 224 578 263 καὶ
605 226 711 264 δεινὰ
738 225 910 274 σημῆναι
936 222 1051 263 θέλω.

197 291 249 342 μὴ
274 291 398 341 μέλλε
423 291 568 335 τοίνυν,
596 291 702 330 ἀλλὰ
728 288 848 342 φράζ’
872 289 971 329 ὅσον
996 289 1130 342 τάχος.

193 423 297 475 λέξω
323 423 356 464 δ’
381 423 448 463 ἀπ’
473 423 610 476 ἀρχῆς,
636 421 685 472 ἤν
708 438 746 462 τι
769 421 822 472 μὴ
848 420 1057 474 σφαλεῖσά
1080 438 1155 473 μου

197 490 331 541 γνώμη
358 488 505 545 ταράξῃ
531 491 727 540 γλῶσσαν
752 489 795 528 ἐν
819 485 955 540 λόγοις
980 487 1087 539 ἐμήν.

261 556 345 596 ἐπεὶ
371 557 446 607 γὰρ
473 552 664 605 ἱκόμεσθα
688 556 757 605 τῆς
784 554 880 596 Διὸς
907 552 1022 606 κόρης

195 621 422 674 Ἀρτέμιδος
447 620 574 663 ἄλσος
598 620 788 672 λείμακάς
811 620 844 661 τ’
870 618 1154 674 ἀνθεσφόρους,

192 687 241 728 ἵν’
266 687 312 738 ἦν
338 688 513 741 Ἀχαιῶν
536 687 738 740 σύλλογος
763 687 1066 740 στρατεύματος,

197 754 273 803 σὴν
299 754 404 794 παῖδ’
430 753 608 806 ἄγοντες,
635 754 748 796 εὐθὺς
773 753 963 806 Ἀργείων
987 756 1112 807 ὄχλος

195 820 399 872 ἠθροίζεθ’.
470 820 522 862 ὡς
547 820 579 860 δ’
605 821 760 861 ἐσεῖδεν
785 820 1045 872 Ἀγαμέμνων
1070 818 1174 870 ἄναξ

197 887 262 927 ἐπὶ
288 889 450 939 σφαγὰς
476 888 719 940 στείχουσαν
744 888 798 929 εἷς
823 886 949 928 ἄλσος
975 887 1104 938 κόρην,

196 952 449 1004 ἀνεστέναξε,
479 952 678 1004 κᾶμπαλιν
703 952 884 1006 στρέψας
910 952 1008 1005 κάρα

196 1018 347 1072 δάκρυῆ
374 1018 760 1071 πρόσθωιόμμάτων
784 1018 939 1060 πέπλον
963 1021 1133 1071 προθεῶ.

261 1084 285 1135 ἣ
311 1087 353 1126 δὲ
379 1088 573 1125 σταθεῖσα
597 1089 650 1140 τῷ
675 1086 827 1126 τεκόντι
851 1086 1025 1135 πλησίον

197 1150 309 1202 ἔλεξε
334 1150 468 1191 τοιάδ’·
499 1149 556 1190 ⁹52
583 1150 716 1202 πάτερ,
744 1150 906 1203 πάρειμί
928 1168 1005 1191 σοι·

195 1217 339 1268 τούμὸν
363 1219 403 1257 δὲ
432 1221 547 1268 σῶμα
571 1219 640 1268 τῆς
665 1218 760 1268 ἐμῆς
783 1218 880 1268 ὑπὲρ
906 1217 1057 1269 πάτρας

197 1284 260 1324 καὶ
284 1286 353 1334 τῆς
378 1283 536 1334 ἁπάσης
553 1282 752 1325 Ἑλλάδος
777 1285 891 1335 γαίας
913 1284 1012 1336 ὕπερ

196 1351 313 1390 θῦσαι
339 1349 472 1401 δίδωμ’
500 1352 647 1390 ἑκοῦσα
672 1349 768 1401 πρὸς
793 1349 931 1401 βωμὸν
957 1352 1049 1392 θεᾶς

195 1415 378 1468 ἄγοντας,
406 1418 515 1468 εἴπερ
540 1417 629 1457 ἐστὶ
654 1415 861 1469 θέσφατον
885 1417 987 1458 τόδε.

198 1483 260 1523 καὶ
284 1482 395 1523 τούπ’
420 1482 479 1534 ἔμ’
505 1483 718 1536 εὐτυχεῖτε·
757 1484 818 1523 καὶ
843 1484 1060 1535 νικηφόρου

196 1549 320 1600 δώρου
343 1549 503 1602 τύχοιτε
526 1550 694 1601 πατρίδα
718 1548 751 1589 τ’
778 1547 974 1599 ἐξίκοισθε
999 1551 1074 1601 γῆν

195 1619 292 1667 πρὸς
316 1618 436 1655 ταῦτα
458 1614 510 1666 μὴ
535 1615 677 1671 ψαύσῃ
702 1631 760 1656 τις
783 1614 975 1667 Ἀργείων
1000 1616 1106 1666 ἐμοῦ·

198 1687 292 1738 σιγῇ
317 1680 473 1733 παρέξω
498 1682 572 1733 γὰρ
598 1680 714 1732 δέρην
740 1680 960 1732 εὐκαρδίως.

263 1747 424 1788 τοσαῦτ’
451 1746 575 1798 ἔλεξε·
611 1749 687 1788 πᾶς
709 1746 742 1786 δ’
769 1745 1002 1798 ἐθάμβησεν
1027 1746 1156 1787 κλύων

197 1813 394 1867 εὐψυχίαν
419 1830 461 1854 τε
487 1813 651 1864 κάρετὴν
676 1815 745 1863 τῆς
770 1812 975 1865 παρθένου.

194 1881 292 1921 στὰς
317 1879 350 1920 δ’
375 1881 419 1920 ἐν
441 1879 552 1934 μέσῳ
576 1879 818 1930 Ταλθύβιος,
845 1878 874 1934 ᾧ
893 1878 973 1919 τόδ’
996 1878 1044 1930 ἦν
1068 1878 1203 1930 μέλον,

197 1946 394 1998 εὐφημίαν
419 1946 557 1986 ἀνεῖπε
582 1945 645 1985 καὶ
671 1945 791 1997 σιγὴν
817 1949 988 2000 στρατῷ·

198 2011 364 2064 Κάλχας
389 2011 420 2051 δ’
446 2012 466 2050 ὁ
490 2011 629 2062 μάντις
655 2012 694 2052 ἐς
719 2014 861 2052 κανοῦν
885 2010 1143 2064 χρυσήλατον

196 2079 334 2128 ἔθηκεν
360 2077 428 2129 ὀξὺ
452 2078 554 2130 χειρὶ
580 2076 792 2130 φάσγανον
817 2077 979 2120 σπάσας

198 2147 346 2184 κολεῶν
371 2144 535 2190 ἔσωθεν,
563 2143 683 2196 κρᾶτά
708 2143 740 2183 τ’
767 2144 942 2196 ἔστεψεν
969 2142 1096 2196 κόρης.

1333 368 1417 400 ¹540

1338 699 1420 730 Ι545

1339 1031 1423 1063 1550

1341 1361 1421 1393 1555

1340 1685 1423 1724 1560

1340 2016 1420 2055 1565

970 2245 1048 2276 1541
1073 2236 1151 2277 μου]
1169 2249 1229 2269 που
1246 2235 1420 2268 Markland

101 2289 182 2318 1544
208 2278 402 2320 ἆνθηφόρους
421 2278 461 2308 L²
475 2277 515 2309 Ρ2
606 2288 685 2318 1547
711 2281 832 2311 ἐσεῖδεν
848 2279 901 2310 hic
920 2279 946 2309 L
961 2279 988 2310 P
1080 2290 1161 2320 1549
1187 2280 1379 2320 ἀνεστέναξε
1398 2281 1423 2311 Ρ

102 2331 184 2360 1550
210 2322 336 2363 δάκρυε,
355 2322 495 2363 πρόσθεν
515 2322 694 2353 Semitelos
712 2333 719 2352 :
743 2322 862 2364 δάκρυα
876 2325 1018 2365 προῆγεν
1037 2323 1062 2353 L
1076 2323 1102 2353 Ρ
1119 2335 1126 2354 t
1150 2323 1267 2365 δάκρυα
1284 2327 1422 2366 προῆκεν

99 2365 245 2396 Dindorf
361 2375 442 2404 1557
468 2367 635 2406 εὐτυχοῖτε
653 2365 811 2397 Musurus
933 2367 1015 2406 1558
1039 2365 1152 2408 δώρου]
1172 2368 1261 2408 δορὸς
1281 2367 1420 2398 Pierson

102 2410 185 2447 1560
209 2407 308 2450 σπγῇ]
327 2411 442 2451 σφαγῇ
459 2409 586 2447 Jacobs
709 2411 789 2448 1561
818 2410 982 2450 ἐθάμβησε
1008 2409 1072 2440 [,Ρ
1193 2412 1274 2450 1567
1300 2414 1422 2445 κολεῶν

103 2451 141 2482 L²
154 2450 194 2482 P²
208 2462 216 2483 t
237 2455 379 2486 κουλεῶν
397 2452 423 2483 L
438 2451 464 2482 P
480 2464 486 2483 :
511 2453 595 2485 ὀλῶν
613 2452 792 2492 Musgrave

922 2453 1013 2497 κόρος
1030 2453 1184 2494 primitus
1202 2454 1228 2486 P
