1658 2740
660 141 944 178 ΟΡΕΣΤΙΙΣ

153 248 224 297 Ορ.
252 244 398 297 δάκρυα
424 248 517 298 γοῦν
545 245 687 297 γένοιτ’
714 243 773 285 ἄν.

761 315 835 351 Πυ.
873 310 1012 351 οὐκοῦν
1039 310 1152 353 οὗτος
1177 311 1315 353 οἰωνὸς
1341 311 1476 363 μέγας.

152 382 225 432 Ορ.
252 379 402 430 δηλαδὴ
429 379 549 432 σιγᾶν
575 378 745 430 ἄμεινον.

752 448 827 486 Πυ.
865 449 916 499 τῷ
943 444 1073 498 χρόνῳ
1101 447 1142 485 δὲ
1169 447 1379 496 κερδανεῖς.

152 515 225 566 Ορ.
254 514 358 553 κεῖνό
380 530 446 564 μοι
470 514 592 563 μόνον
618 513 852 565 πρόσαντες.

664 580 740 618 Πυ.
778 577 819 618 τί
840 578 930 619 τόὸε
959 578 1092 618 καινὸν
1118 577 1165 618 αὖ
1190 576 1343 629 λέγεις;
1415 591 1478 621 790

151 648 223 699 Ορ.
250 646 303 697 μὴ
330 648 419 687 θεαί
437 646 478 697 μ’
505 647 649 700 οἴστρῳ
677 645 925 698 κατάσχωσι.

869 703 942 753 ᾖν.
986 713 1091 766 ἀλλὰ
1119 711 1294 761 κηδεύσω
1322 710 1360 749 (τ’
1387 712 1476 763 ἐγώ.

151 783 224 831 Ορ.
251 782 442 833 δυσχερὲς
466 780 613 833 ψαύειν
640 783 852 821 νοσοῦντος
876 767 1028 831 ἆνδμός.

1024 849 1098 886 Πυ.
1137 845 1205 885 οὐκ
1231 846 1366 897 ἔμοιγε
1392 850 1475 885 σοῦ.

150 915 222 965 Ορ.
251 912 425 964 εὐλαβοῦ
448 913 606 963 λύσσης
630 915 849 967 μετασχεῖν
873 915 942 963 τῆς
968 914 1074 963 ἐμῆς.

1071 982 1145 1019 Πυ.
1184 979 1263 1019 τύδ’
1290 979 1357 1019 οὖν
1383 980 1463 1020 ἴτω.

149 1048 221 1097 Ορ.
249 1046 316 1085 οὐκ
341 1045 400 1097 ἄρ’
427 1045 629 1096 ὀκνήσεις;

598 1117 671 1152 Πυ.
710 1114 824 1155 ὄκνος
849 1114 923 1166 γὰρ
949 1117 1030 1155 τοῖς
1056 1114 1190 1165 φίλοις
1218 1112 1336 1153 κακὸν
1360 1112 1473 1164 μέγα.

148 1181 220 1231 Ορ.
249 1179 342 1231 ἕρπε
367 1196 435 1220 νυν
460 1179 552 1231 οἴαξ
572 1179 692 1221 ποδός
715 1196 793 1230 μοι.

676 1249 750 1288 Πυ.
791 1247 893 1299 φίλα
917 1245 954 1299 γ’
979 1246 1082 1299 ἔχων
1110 1246 1340 1297 κηδεύματα.
1413 1258 1475 1290 795

148 1314 222 1364 Ορ.
249 1313 315 1353 καί
336 1330 384 1364 με
410 1313 505 1365 πρὸς
531 1314 684 1365 τύμβον
710 1313 906 1365 πόρευσον
931 1313 1090 1365 πατρός.

1045 1383 1120 1420 Πυ.
1160 1379 1210 1420 ὡς
1234 1381 1275 1420 τί
1296 1378 1340 1429 δὴ
1366 1380 1474 1425 763⁶,-

148 1448 220 1498 Ορ.
247 1445 298 1489 ὥς
324 1463 384 1488 νιν
410 1447 596 1488 ἱκετεύσω
621 1464 670 1498 με
695 1450 838 1488 σῶσαι.

838 1517 914 1554 Πυ.
951 1515 997 1555 τό
1020 1531 1066 1567 γε
1091 1514 1240 1554 δίκαιον
1265 1512 1330 1553 ὧδ’
1356 1512 1452 1566 ἔχει.

148 1581 220 1632 Ορ.
246 1579 413 1633 μητέρος
437 1582 480 1622 δὲ
503 1580 592 1632 μηδ’
612 1583 732 1633 ἴδοιμι
756 1583 902 1633 μνῆμα.

906 1651 981 1688 Πυ.
1019 1649 1190 1699 πολεμία
1214 1649 1288 1700 γὰρ
1314 1646 1373 1697 ἦν.

249 1713 341 1754 ἀλλ’
370 1713 507 1766 ἔπειγ’,
536 1714 587 1756 ὡς
610 1713 663 1765 μή
690 1732 738 1756 σε
763 1715 915 1767 πρόσθε
939 1716 1080 1767 ψῆφος
1105 1713 1296 1766 Ἀργείων
1322 1714 1406 1769 ἕλῃ,

248 1781 480 1833 περιβαλὼν
504 1785 688 1834 πλευροῖς
714 1783 846 1832 ἐμοῖσι
870 1782 1021 1833 πλευρὰ
1039 1783 1200 1841 νωχελῆ
1228 1781 1348 1835 νόσῳ·
1410 1785 1474 1814 800

253 1847 303 1889 ὡς
329 1848 406 1900 ἐγὼ
432 1847 480 1888 δι’
506 1846 657 1889 ἄστεώς
684 1865 744 1894 σε,
773 1849 919 1900 σμικρὰ
945 1848 1163 1900 φροντίζων
1189 1849 1324 1900 ὄχλου,

250 1915 362 1955 οὐδὲν
387 1914 616 1968 αἰσχυνθεὶς
642 1913 793 1968 ὀχήσω.
866 1917 941 1955 ποῦ
968 1916 1042 1966 γὰρ
1070 1913 1123 1954 ὢν
1150 1913 1263 1964 δείξω
1291 1915 1425 1965 φίλος,

250 1983 287 2022 εἵ
309 1998 358 2022 σε
382 1981 434 2032 μὴ
460 1981 493 2022 ’ν
520 1984 712 2022 δειναῖσιν
739 1983 835 2022 ὄντα
861 1985 1084 2033 συμφοραῖς
1110 1979 1335 2033 ἐπαρκέσω,-

192 2074 254 2112 788
285 2074 379 2115 701711]
409 2075 442 2115 γ’
469 2076 506 2106 ἂν
532 2075 584 2105 V:
617 2076 679 2117 γὰρ
705 2085 897 2114 anonymus
1033 2075 1095 2114 789
1131 2072 1180 2112 δὲ]
1209 2086 1249 2113 ’γε
1276 2072 1328 2102 V:
1359 2072 1421 2112 γὰρ
1446 2070 1473 2101 Β

148 2128 211 2156 790
234 2118 341 2149 καινὸν
359 2119 513 2158 ἀγγελεῖς
530 2128 615 2149 recc.
740 2129 798 2158 791
826 2120 932 2160 ὕστρῳ
951 2118 977 2148 Ρ
1067 2116 1275 2157 κατάσχωσιν
1293 2115 1362 2145 fere
1377 2115 1471 2146 codd.

148 2160 353 2200 (κατάσχωσι
372 2162 413 2191 V*
524 2171 584 2201 795
610 2164 665 2194 νῦν
681 2163 777 2193 codd.
872 2161 941 2203 φίλ’
961 2162 1046 2203 ἔχων
1064 2161 1090 2191 Ρ
1182 2169 1242 2198 797
1263 2158 1475 2197 ἱκετεύσωμεν

147 2208 247 2236 σῶσαι
267 2204 293 2234 Ρ
382 2204 437 2246 γε]
456 2204 491 2238 δὲ
507 2205 537 2234 V
650 2207 713 2246 798
736 2207 853 2247 μητρὸς
872 2206 968 2237 codd.
991 2205 1061 2246 (flsp‘s
1079 2205 1128 2245 A)
1219 2202 1254 2234 δὲ
1271 2212 1335 2232 om.
1356 2201 1396 2238 Β,
1414 2202 1474 2232 sed

147 2248 178 2277 in
201 2252 224 2281 Σ
247 2248 402 2279 lemmate
428 2249 515 2279 idem
536 2248 596 2290 μ’ἷς
615 2249 650 2281 δὲ
667 2248 741 2289 μηδ’
758 2250 859 2280 habet
984 2248 1074 2289 μηδ’]
1097 2249 1172 2289 μήτ’
1190 2247 1241 2277 V:
1264 2247 1308 2286 μὴ
1328 2245 1474 2284 εἶσίδοιμι

148 2291 180 2321 F.
209 2291 272 2322 Gu.
305 2291 458 2322 Schmidt
571 2298 626 2324 Πυ.
656 2303 719 2324 om.
749 2293 800 2324 M:
834 2293 908 2324 add.
940 2292 989 2323 M2
1124 2302 1188 2331 799
1220 2288 1339 2331 ἔπειγ’]
1365 2289 1411 2320 ἕλ’
1432 2288 1471 2322 ν,

147 2344 310 2373 suprascr.
334 2337 447 2367 ἔλαυνε
463 2346 482 2367 v
615 2337 680 2366 800
704 2337 841 2378 πλευρὰ]
861 2337 1002 2378 πλευρὰν
1017 2335 1089 2365 AV
1102 2335 1128 2365 L
1230 2333 1325 2366 νόσον
1343 2337 1420 2362 mus*
1440 2332 1473 2361 5¹1

146 2377 230 2418 νόσῳ
248 2378 274 2408 L
417 2378 478 2410 801
506 2380 628 2412 ἄστεως
646 2379 672 2409 L
691 2385 722 2411 et
740 2380 884 2410 fortasse
900 2380 949 2411 V:
976 2381 1090 2412 ἄστεος
1108 2379 1177 2409 rell.
1200 2378 1243 2409 vl
1332 2376 1425 2418 μικρὰ
1442 2375 1473 2404 Λ

145 2421 209 2451 802
233 2421 305 2462 ποῦ]
325 2424 368 2459 πῆ
388 2422 413 2452 L
546 2423 608 2460 803
631 2424 675 2461 μὴ
692 2423 720 2455 ’ν
737 2423 767 2452 Α
780 2423 827 2453 P:
851 2425 882 2462 μ’
901 2437 939 2461 ην
958 2423 984 2453 Β
1001 2434 1007 2453 t
1032 2424 1075 2463 μὴ
1094 2422 1164 2454 rell.
