1658 2740
611 99 960 138 ΕΎῬΙΠΙΔΟΎ

287 204 477 257 ἀνοιγέτω
504 221 561 246 τις
587 206 708 254 δῶμα·
749 203 993 256 προσπόλοις
1017 201 1123 254 λέγω

220 273 335 313 ὠθεῖν
360 272 486 313 πύλας
511 270 638 318 τάσδ’,
667 270 717 312 ὡς
743 269 790 310 ἂν
816 271 921 310 ἀλλὰ
947 268 1050 309 παῖδ’
1076 268 1174 319 ἐμὴν

219 337 414 392 ῥυσώμεθ’
438 339 589 390 ἀνδρῶν
616 339 657 378 ἐκ
683 340 811 390 χερῶν
836 336 1072 388 μιαιφόνων,

221 407 281 446 καὶ
306 405 379 457 τὴν
403 404 594 446 τάλαιναν
619 405 762 444 ἀθλίαν
788 401 950 454 δάμαρτ’
977 401 1074 453 ἐμὴν

218 472 421 524 λάβωμεν,
451 471 473 528 ᾗ
497 475 557 512 δεῖ
579 471 784 522 ξυνθανεῖν
811 472 882 526 ἐμῇ
907 468 994 522 χερὶ
1367 470 1446 510 1565

219 539 308 581 τοὺς
333 538 595 580 διολέσαντας
619 538 690 588 τὴν
716 537 813 588 ἐμὴν
839 535 1041 588 ξυνάορον.

119 640 334 709 Ορ.ἰοῦτος
360 639 422 685 σύ,
451 637 632 694 κλῄθρων
657 640 778 678 τῶνδε
803 637 854 688 μὴ
881 637 1042 692 ψαύσῃς
1067 636 1166 688 χερί·

207 706 432 757 ξΜενέλαον
459 705 581 751 εἶπον,
610 705 652 746 ὃς
678 705 937 755 πεπύργωσαι
962 702 1113 754 θράσει·

208 761 242 827 55)
269 776 365 827 τῷδε
392 775 534 826 θριγκῷ
563 774 683 823 κρᾶτα
710 769 944 821 συνθραύσω
972 768 1102 814 σέθεν,

206 829 341 892 Ξρήξας
365 840 515 879 παλαιὰ
541 842 670 890 γεῖσα,
698 837 892 877 τεκτόνων
918 836 1054 876 πόνον.
1369 843 1450 875 157Ο

221 909 388 959 μοχλοῖς
413 905 445 945 δ’
470 904 588 957 ἄραρε
614 906 776 961 κλῇθρα,
805 905 878 953 σῆς
903 902 1127 954 βοηδρόμου

224 975 397 1023 σπουδῆς
422 971 446 1011 ἆ
472 971 510 1010 σ’
538 970 667 1023 εἵρξει,
695 970 746 1022 μὴ
773 970 903 1021 δόμων
929 968 1008 1009 ἔσω
1035 969 1170 1020 περᾶν.

124 1043 199 1081 Με.
223 1039 280 1086 ἔα,
307 1040 346 1079 τί
368 1041 519 1092 χρῆμα;
558 1036 778 1089 λαμπάδων
805 1037 879 1088 ὁρῶ
907 1035 1042 1081 σέλας,

224 1107 351 1158 δόμων
377 1105 409 1146 δ’
435 1105 495 1146 ἐπ’
521 1104 649 1157 ἄκρων
674 1104 816 1144 τούσδε
841 1100 1192 1155 πυργηρουμένους,

224 1172 339 1225 ξίφος
365 1171 397 1212 δ’
422 1173 517 1223 ἐμῆς
543 1170 733 1224 θυγατρὸς
758 1171 997 1222 ἐπίφρουρον
1023 1167 1126 1224 δέρῃ.
1370 1176 1450 1207 Ι575

123 1243 196 1293 Ορ.
223 1240 389 1291 πότερον
415 1240 563 1291 ἐρωτᾶν
587 1235 610 1287 ἦ
638 1237 769 1278 κλύειν
795 1238 889 1287 ἐμοΐ·
915 1235 1062 1282 θέλεις,·

126 1310 201 1347 Me.
225 1305 405 1358 οὐδέτερ’·
444 1304 593 1357 ἀνάγκη
621 1304 665 1350 δ’,
695 1304 744 1346 ὡς
771 1305 886 1349 ἔοικε,
915 1319 987 1343 σου
1015 1301 1158 1342 κλύειν.

125 1376 196 1425 Ορ.
223 1372 358 1424 μέλλω
385 1376 534 1413 κτενεῖν
562 1388 635 1411 σου
662 1369 853 1423 θυγατέρ’,
883 1371 915 1410 εἰ
940 1370 1072 1424 βούλῃ
1096 1370 1248 1420 μαθεῖν.

126 1443 202 1481 Me.
222 1439 392 1490 Ἑλένην
417 1438 617 1492 φονεύσας
644 1438 707 1478 ἐπὶ
734 1438 845 1491 φόνῳ
871 1436 1067 1488 πράσσεις
1093 1436 1238 1488 φόνοις

124 1509 197 1559 Ορ.
226 1508 259 1548 εἰ
284 1508 358 1559 γὰρ
386 1505 583 1559 κατέσχον
607 1505 660 1556 μὴ
688 1507 786 1545 θεῶν
812 1503 1000 1556 κλεφθεὶς
1023 1502 1111 1543 ὕπο.
1371 1505 1453 1542 1580

127 1577 202 1614 Me.
224 1574 321 1630 ἀρνῇ
348 1573 537 1613 κατακτὰς
564 1570 655 1623 κάφ’
680 1572 795 1622 ὕβρει
819 1569 951 1622 λέγεις
976 1569 1086 1615 τάδε,·

125 1642 198 1692 Ορ.
224 1639 375 1691 λυπράν
401 1656 444 1691 γε
471 1638 542 1688 τὴν
567 1637 747 1691 ἄρνησιν·
787 1638 820 1677 εἰ
846 1638 921 1689 γὰρ
948 1636 1109 1688 ὤφελον
1136 1667 1145 1677 .
1174 1666 1182 1675 .
1211 1665 1220 1675 .

127 1710 202 1747 Με.
224 1707 263 1747 τί
285 1709 417 1759 χρῆμα
442 1707 603 1757 δρᾶσαι;
642 1707 885 1756 παρακαλεῖς
909 1704 985 1756 γὰρ
1010 1703 1050 1744 ἐς
1078 1703 1226 1755 φόβον.

125 1775 198 1824 Ορ.
223 1772 294 1823 τὴν
318 1771 515 1813 Ἑλλάδος
539 1770 721 1823 μιάστορ’
748 1771 803 1812 εἷς
821 1769 961 1810 ’Ἃιδου
989 1772 1147 1821 βαλεῖν.

128 1842 203 1880 Με.
225 1840 369 1881 ἀπόδος
394 1838 588 1890 δάμαρτος
613 1837 740 1884 νέκυν,
770 1838 876 1879 ὅπως
901 1836 1024 1890 χώσω
1050 1835 1179 1890 τάφῳ.
1373 1838 1454 1877 1585

125 1908 198 1958 Ορ.
226 1907 337 1947 θεοὺς
363 1906 530 1946 ἀπαίτει.
603 1907 722 1945 παῖδα
749 1907 789 1945 δὲ
817 1908 936 1944 κτενῶ
966 1903 1095 1943 σέθεν.

173 1999 252 2037 1561
288 1997 391 2038 δῶμα]
418 2000 549 2038 κλεῖθρα
572 1997 602 2026 V
750 1998 831 2036 1562
865 1997 951 2028 ἀλλὰ
974 2006 1038 2026 om.
1065 1996 1091 2026 L
1229 1995 1311 2033 1563
1342 1995 1457 2035 χειρῶν

129 2042 160 2072 Μ
176 2042 201 2072 L
309 2043 500 2080 1564-1566
525 2041 677 2080 suspecti
696 2040 915 2071 VVeckleinio
932 2051 939 2070 τ
965 2039 1171 2070 conveniunt
1190 2038 1311 2070 uxorio
1328 2035 1456 2068 homini

131 2087 211 2124 1564
231 2086 496 2127 Bdffiapprimitus
510 2084 541 2114 M
639 2086 719 2122 1565
742 2085 826 2124 χειρὶ
842 2083 873 2114 Μ
888 2083 932 2114 L:
960 2093 1044 2114 corr.
1064 2082 1112 2112 M2
1205 2084 1286 2121 1567
1307 2081 1458 2121 κλείθρων

127 2130 157 2159 Α
175 2129 203 2159 V
223 2129 249 2159 L
268 2129 294 2159 P
472 2129 555 2167 1569
590 2131 709 2169 θριγςγῶ
738 2127 769 2157 Α
788 2127 813 2157 Ρ
947 2126 1111 2168 συνθράσω
1140 2125 1172 2155 Μ
1191 2138 1198 2156 :
1233 2124 1401 2157 συνθλάσω
1432 2122 1459 2152 Ρ

130 2183 212 2211 1570
243 2173 348 2204 πόνων
374 2172 421 2203 Β;
457 2182 541 2202 corr.
568 2171 612 2200 B2
781 2181 860 2210 1571
895 2173 1025 2211 κλεῖθρα
1048 2169 1119 2199 AV
1132 2169 1195 2199 LP
1301 2167 1374 2207 σῆς]
1400 2168 1458 2203 τῆς

127 2216 307 2246 Wecklein
462 2225 543 2254 1574
569 2215 610 2255 δ’]
630 2215 660 2245 τ’
678 2214 708 2244 V
817 2213 1090 2256 πυργυρουμένους
1112 2213 1137 2243 Ρ
1157 2218 1189 2243 et
1206 2212 1359 2252 primitus
1378 2208 1454 2248 BV,

127 2259 167 2289 cf.
189 2261 249 2298 762
397 2268 479 2298 1575
505 2257 700 2300 ἐπιφρούρων
715 2258 767 2289 M:
795 2268 880 2290 corr.
901 2257 950 2288 Μ2
1095 2266 1175 2296 1577
1201 2258 1265 2288 οὐδ’
1284 2255 1391 2297 ἕτερον
1409 2253 1434 2282 L
1450 2263 1457 2282 ἓ

128 2302 294 2343 οὐδέτερον
311 2303 341 2333 Α
355 2303 380 2333 Ρ
490 2303 571 2341 1578
597 2305 726 2334 κτανεῖν
743 2302 840 2333 codd.
936 2301 1010 2342 σου]
1029 2302 1089 2339 σὴν
1109 2300 1133 2330 L
1249 2309 1330 2337 1579
1354 2295 1455 2338 φόνῳ]

128 2346 226 2386 φόνου
243 2347 397 2385 primitus
414 2347 444 2376 V
533 2345 659 2385 δράσεις
676 2345 707 2375 V
853 2346 934 2383 1583
964 2344 1074 2385 πράξω
1093 2343 1123 2373 V
1260 2343 1340 2379 1585
1366 2338 1457 2371 νέκυν

129 2391 168 2421 ὡς
187 2390 274 2430 θάψω
291 2390 321 2419 Α
412 2389 515 2430 τάφον
532 2389 563 2418 O
702 2389 784 2426 1586
808 2392 913 2420 κτανῶ
932 2388 962 2418 A
975 2388 999 2417 L
1012 2387 1037 2417 P
