1658 2740
732 118 943 156 EAENH

272 223 333 263 καὶ
359 220 585 273 ξυνθάνοιμ’
610 222 670 263 ἄν·
710 223 816 262 ἀλλὰ
841 223 901 264 τίς
926 222 1039 276 κείνῳ
1064 222 1179 275 χάρις

271 287 344 339 ξὺν
370 289 600 329 κατθανόντι
628 292 853 336 κατθανεῖν;
893 288 938 328 ἔα
963 287 1005 328 δέ
1029 305 1078 339 με

271 355 391 405 αὐτὴν
416 358 620 406 μολοῦσαν
646 355 817 408 ἐντάφια
843 358 974 395 δοῦναι
999 359 1134 410 νεκρῷ.

272 422 354 462 θεοὶ
379 424 421 463 δὲ
447 424 515 462 σοί
538 439 579 463 τε
606 425 711 462 δοῖεν
736 422 788 462 οῖ’
813 422 890 474 ἐγὼ
916 422 1031 468 θέλω,
1415 435 1498 466 1405

272 488 332 528 καὶ
357 492 409 543 τῷ
435 487 532 543 ξένῳ
558 488 661 543 τῷδ’,
689 490 750 529 ὅτι
776 493 1014 529 συνεκπονεῖ
1036 488 1139 529 τάδε.

271 553 371 605 ἕξεις
395 554 438 595 δέ
461 555 500 606 μ’
527 556 614 596 οἵαν
638 554 714 609 χρή
742 555 780 594 σ’
806 555 913 608 ἔχειν
941 558 981 596 ἐν
1007 556 1159 606 δώμασι

270 621 432 672 γυναῖκ’,
461 622 594 671 ἐπειδὴ
623 622 839 663 Μενέλεων
864 622 1080 674 εὐεργετεῖς

271 688 373 738 κᾶμ’·
412 689 568 741 ἔρχεται
595 691 670 741 γὰρ
694 688 740 740 δή
766 689 838 729 τιν’
866 691 905 730 ἐς
930 690 1054 742 τύχην
1079 689 1183 729 τάδε.

269 756 381 796 ὅστις
405 757 446 795 δὲ
471 756 591 795 δώσει
617 760 711 796 ναῦν
738 757 780 796 ἐν
804 754 829 812 ᾗ
854 755 937 795 τάδ’
965 755 1122 806 ἄξομεν,
1417 769 1498 799 14¹0

269 820 508 873 πρόσταξον,
536 822 586 864 ὡς
611 821 661 863 ἂν
684 822 756 872 τὴν
780 822 897 875 χάριν
920 821 1050 874 πλήρη
1078 821 1208 873 λάβω.

171 890 242 928 Θε.
269 888 389 940 χώρει
414 888 464 928 σὺ
491 888 552 928 καὶ
578 892 672 929 ναῦν
698 892 833 929 τοῖσδε
859 890 1168 940 πεντηκόντορον

270 956 462 995 Σιδωνίαν
487 955 552 997 δὸς
578 956 776 1008 κάρετμῶν
801 955 1029 998 ἐπιστάτας.

171 1024 244 1062 Ελ.
270 1021 409 1062 οὔκουν
435 1021 491 1062 ὅδ’
517 1020 625 1073 ἄρξει
651 1022 744 1064 ναὸς
768 1021 810 1063 ὃς
837 1026 982 1073 κοσμεῖ
1002 1021 1149 1074 τάφον,·

170 1091 242 1129 Θε.
269 1086 446 1139 μάλιστ”
484 1088 640 1129 ἀκούειν
664 1091 778 1128 τοῦδε
802 1088 878 1142 χρὴ
904 1088 1047 1131 ναύτας
1072 1088 1201 1139 ἐμούς.
1412 1099 1497 1130 ¹415

171 1157 245 1196 Ελ.
272 1154 380 1197 αὖθις
407 1154 609 1205 κέλευσον,
637 1155 701 1196 ἵνα
726 1158 868 1208 σαφῶς
891 1154 1052 1206 μάθωσί
1075 1171 1160 1195 σου.

169 1224 243 1262 Θε.
268 1221 377 1263 αὖθις
403 1222 549 1262 κελεύω
578 1223 640 1263 καὶ
664 1222 798 1274 τρίτον
821 1221 872 1275 γ’,
900 1223 936 1262 εἴ
960 1238 1025 1262 σοι
1050 1223 1185 1274 φίλον.

170 1291 244 1329 Ελ.
270 1289 393 1329 ὄναιο·
433 1289 539 1342 κάγὼ
565 1293 643 1330 τῶν
668 1290 771 1340 ἐμῶν
796 1287 1093 1340 βουλευμάτων.

170 1358 242 1396 Θε.
268 1353 321 1406 μή
346 1371 416 1397 νυν
440 1355 541 1409 ἄγαν
567 1355 642 1397 σὸν
666 1355 855 1408 δάκρυσιν
881 1354 1048 1412 ἐκτήξῃς
1073 1356 1185 1409 χρόα.

169 1425 242 1462 Ελ.
268 1421 330 1473 ἥδ’
353 1422 479 1476 ἡμέρα
503 1440 569 1464 σοι
593 1422 664 1473 τὴν
689 1423 786 1474 ἐμὴν
811 1421 929 1474 δείξει
953 1422 1081 1476 χάριν.
1412 1434 1497 1466 1420

171 1492 243 1531 Θε.
271 1491 320 1529 τὰ
344 1493 422 1530 τῶν
448 1491 647 1531 θανόντων
673 1489 799 1536 οὐδέν,
827 1489 918 1530 ἀλλ’
943 1489 1078 1532 ἄλλως
1102 1490 1234 1531 πόνος.

171 1559 243 1596 Ελ.
270 1556 381 1597 ἔστιν
405 1573 442 1596 τι
468 1557 580 1597 κάκεῖ
601 1556 760 1597 κάνθάδ’
785 1558 839 1597 ὧν
865 1557 943 1609 ἐγὼ
968 1556 1087 1609 λέγω.

169 1625 242 1663 Θε.
269 1623 381 1664 οὐδὲν
408 1625 526 1664 κακίω
553 1622 743 1664 Μενέλεώ
767 1623 807 1674 μ’
833 1622 933 1674 ἕξεις
958 1624 1092 1664 πόσιν.

170 1692 243 1729 Ελ.
271 1689 381 1730 οὐδὲν
407 1690 458 1730 σὺ
481 1691 670 1742 μεμπτός·
707 1693 775 1741 τῆς
800 1690 922 1743 τύχης
946 1707 994 1741 με
1020 1693 1080 1730 δεῖ
1101 1690 1238 1740 μόνον.

170 1758 242 1796 Θε.
270 1757 314 1796 ἐν
339 1756 402 1796 σοὶ
428 1757 520 1803 τόδ’,
548 1754 596 1807 ἢν
622 1756 698 1807 σὴν
725 1758 779 1798 εἰς
804 1756 862 1807 ἔμ’
889 1757 1044 1797 εὔνοιαν
1070 1757 1196 1811 διδῷς.
1410 1768 1493 1798 14²5

169 1825 242 1862 Ελ.
269 1822 314 1862 οὗ
338 1826 406 1864 νῦν
431 1822 695 1874 διδαξόμεσθα
718 1823 808 1864 τοὺς
835 1824 977 1875 φίλους
1003 1827 1150 1875 φιλεῖν.

170 1891 242 1929 Θε.
268 1889 411 1940 βούλει
435 1888 632 1941 ξυνεργῶν
657 1889 772 1930 αὐτὸς
797 1889 990 1941 ἐκπέμψω
1017 1890 1185 1935 στόλον;

170 1958 242 1995 Ελ.
269 1955 425 2005 ἥκιστα·
462 1956 514 2006 μὴ
539 1956 700 1996 δούλευε
726 1959 813 1997 σοῖς
838 1956 1006 2001 δούλοις,
1034 1954 1144 2005 ἄναξ.

215 2058 298 2087 1403
322 2047 573 2089 ξυγκατθανόντι
592 2047 617 2077 L
631 2046 657 2077 P
789 2050 957 2079 κατθανεῖν
971 2047 1003 2087 μ’
1025 2047 1172 2086 Lenting
1315 2049 1398 2085 14c6
1421 2046 1494 2078 τῶδ’

170 2092 211 2123 L2
223 2092 271 2122 P:
296 2091 322 2123 δ’
340 2091 367 2121 L
482 2100 562 2129 1407
587 2091 650 2132 χρή
668 2091 696 2121 σ’
714 2090 899 2121 Matthiae:
923 2093 1006 2132 χρῆν
1025 2091 1049 2121 L
1062 2091 1089 2121 P
1195 2100 1275 2129 1413
1300 2092 1350 2122 καὶ
1364 2090 1494 2132 ’ρετμῶν

170 2135 211 2166 L2
223 2135 250 2165 P
266 2146 273 2165 ε
291 2135 341 2167 καὶ
360 2137 497 2176 ἐρετμῶν
515 2134 541 2163 L
612 2143 692 2173 1415
710 2135 774 2175 χρὴ
789 2134 917 2164 Reiske
933 2145 940 2164 z
957 2137 1039 2176 χρῆν
1057 2134 1082 2164 L
1096 2134 1122 2164 P
1193 2135 1383 2172 1416-1429
1400 2144 1493 2172 para-

168 2179 314 2218 graphos
339 2188 400 2217 pro
424 2187 645 2218 personarum
666 2178 755 2208 notis
779 2177 881 2216 praef.
911 2178 935 2207 L
951 2177 977 2206 P
1132 2188 1212 2216 1417
1237 2176 1268 2218 γ’
1287 2177 1316 2207 l:
1343 2187 1405 2206 om.
1427 2176 1494 2207 LP

172 2233 255 2262 1419
272 2222 414 2262 ἐκτήξεις
433 2221 482 2252 P:
506 2231 589 2252 corr.
603 2225 628 2261 p
735 2230 814 2259 1421
843 2222 926 2253 ἅλως
942 2221 967 2250 P
983 2232 989 2251 :
1014 2221 1130 2261 ἅλωςῙ)
1236 2230 1331 2259 1422,
1349 2230 1431 2258 1423
1444 2221 1493 2250 in-

168 2276 267 2296 verso
285 2266 403 2296 ordine
420 2264 521 2295 habet
548 2264 573 2294 L
596 2265 657 2295 sed
682 2264 831 2295 numeris
854 2264 998 2304 appictis
1022 2269 1147 2294 rectum
1171 2265 1324 2294 ordinem
1350 2263 1492 2293 restituit

171 2319 253 2348 1422
280 2309 371 2340 ἔστιν
399 2308 430 2339 l:
467 2308 538 2340 ἔστι
570 2307 636 2338 LP
883 2309 978 2340 κάκεῖ
999 2309 1041 2340 τὰ
1070 2307 1180 2348 ἐνθάδ’,
1212 2310 1252 2340 ὡς
1281 2306 1491 2337 Herwerden

171 2363 253 2391 1424
277 2362 341 2382 om.
364 2352 390 2382 P
521 2365 560 2391 με
577 2354 628 2384 δεῖ
642 2351 820 2390 Musgrave
839 2362 845 2381 :
868 2351 960 2391 μέλει
979 2351 1005 2381 L
