<?xml version="1.0" encoding="UTF-8"?>
<!DOCTYPE html PUBLIC "-//W3C//DTD XHTML 1.0 Transitional//EN"
    "http://www.w3.org/TR/xhtml1/DTD/xhtml1-transitional.dtd">
<html xmlns="http://www.w3.org/1999/xhtml" xml:lang="en" lang="en">
 <head>
  <title>
</title>
<meta http-equiv="Content-Type" content="text/html;charset=utf-8" />
  <meta name='ocr-system' content='tesseract 3.04.00' />
  <meta name='ocr-capabilities' content='ocr_page ocr_carea ocr_par ocr_line ocrx_word'/>
</head>
<body>
  <div class='ocr_page' id='page_1' title='image "./euripidisfabulae03euriuoft_0331.png"; bbox 0 0 1658 2740; ppageno 0'>
   <div class='ocr_carea' id='block_1_1' title="bbox 397 116 1204 153">
    <p class='ocr_par' dir='ltr' id='par_1_1' title="bbox 397 116 1204 153">
     <span class='ocr_line' id='line_1_1' title="bbox 397 116 1204 153; baseline 0 -1"><span class='ocrx_word' id='word_1_1' title='bbox 397 116 723 153; x_wconf 72' lang='grc' dir='ltr'>ΙψΙΓΕΝΕΙΑ</span> <span class='ocrx_word' id='word_1_2' title='bbox 777 117 810 153; x_wconf 85' lang='grc' dir='ltr'>Η</span> <span class='ocrx_word' id='word_1_3' title='bbox 864 116 939 152; x_wconf 72' lang='grc' dir='ltr'>ΕΝ</span> <span class='ocrx_word' id='word_1_4' title='bbox 993 116 1204 153; x_wconf 60' lang='lat' dir='ltr'>mmm!</span> 
     </span>
    </p>
   </div>
   <div class='ocr_carea' id='block_1_2' title="bbox 134 218 1457 1006">
    <p class='ocr_par' dir='ltr' id='par_1_2' title="bbox 134 218 1457 1006">
     <span class='ocr_line' id='line_1_2' title="bbox 138 218 1244 271; baseline 0.003 -13"><span class='ocrx_word' id='word_1_5' title='bbox 138 221 210 259; x_wconf 86' lang='grc' dir='ltr'>Κλ.</span> <span class='ocrx_word' id='word_1_6' title='bbox 299 220 338 259; x_wconf 84' lang='grc' dir='ltr'>τί</span> <span class='ocrx_word' id='word_1_7' title='bbox 360 219 442 269; x_wconf 80' lang='grc' dir='ltr'>δῆτ’</span> <span class='ocrx_word' id='word_1_8' title='bbox 468 219 515 259; x_wconf 80' lang='grc' dir='ltr'>ἱὶι·</span> <span class='ocrx_word' id='word_1_9' title='bbox 543 221 620 270; x_wconf 86' lang='grc' dir='ltr'>εἵη,·</span> <span class='ocrx_word' id='word_1_10' title='bbox 660 219 710 259; x_wconf 77' lang='grc' dir='ltr'>σὺ</span> <span class='ocrx_word' id='word_1_11' title='bbox 736 218 858 260; x_wconf 86' lang='grc' dir='ltr'>πάλιν</span> <span class='ocrx_word' id='word_1_12' title='bbox 884 219 931 258; x_wconf 70' lang='grc' dir='ltr'>αὖ</span> <span class='ocrx_word' id='word_1_13' title='bbox 956 220 1102 271; x_wconf 81' lang='grc' dir='ltr'>λόγους·</span> <span class='ocrx_word' id='word_1_14' title='bbox 1129 219 1244 270; x_wconf 79' lang='grc' dir='ltr'>ἐμοὺς</span> 
     </span>
     <span class='ocr_line' id='line_1_3' title="bbox 302 285 1318 338; baseline 0 -12"><span class='ocrx_word' id='word_1_15' title='bbox 302 286 482 338; x_wconf 77' lang='grc' dir='ltr'>θαύμαζ’·</span> <span class='ocrx_word' id='word_1_16' title='bbox 514 286 599 337; x_wconf 83' lang='grc' dir='ltr'>ἐμοὶ</span> <span class='ocrx_word' id='word_1_17' title='bbox 626 288 700 338; x_wconf 78' lang='grc' dir='ltr'>γὰρ</span> <span class='ocrx_word' id='word_1_18' title='bbox 727 285 890 337; x_wconf 84' lang='grc' dir='ltr'>θαύματ’</span> <span class='ocrx_word' id='word_1_19' title='bbox 916 286 1004 326; x_wconf 87' lang='grc' dir='ltr'>ἐστὶ</span> <span class='ocrx_word' id='word_1_20' title='bbox 1030 287 1077 325; x_wconf 73' lang='grc' dir='ltr'>τὰ</span> <span class='ocrx_word' id='word_1_21' title='bbox 1105 288 1207 338; x_wconf 75' lang='grc' dir='ltr'>παρὰ</span> <span class='ocrx_word' id='word_1_22' title='bbox 1234 290 1318 327; x_wconf 76' lang='grc' dir='ltr'>σοῦ.</span> 
     </span>
     <span class='ocr_line' id='line_1_4' title="bbox 135 351 1457 406; baseline -0.002 -14"><span class='ocrx_word' id='word_1_23' title='bbox 135 356 211 406; x_wconf 90' lang='grc' dir='ltr'>Αχ.</span> <span class='ocrx_word' id='word_1_24' title='bbox 301 354 439 403; x_wconf 76' lang='grc' dir='ltr'>εἴκαζε·</span> <span class='ocrx_word' id='word_1_25' title='bbox 479 353 608 393; x_wconf 85' lang='grc' dir='ltr'>κοινόν</span> <span class='ocrx_word' id='word_1_26' title='bbox 635 354 745 392; x_wconf 86' lang='grc' dir='ltr'>ἐστιν</span> <span class='ocrx_word' id='word_1_27' title='bbox 772 352 937 402; x_wconf 75' lang='grc' dir='ltr'>εἰκάζειν</span> <span class='ocrx_word' id='word_1_28' title='bbox 963 351 1068 392; x_wconf 85' lang='grc' dir='ltr'>τάδε·</span> <span class='ocrx_word' id='word_1_29' title='bbox 1397 359 1457 398; x_wconf 81' lang='lat'>845</span> 
     </span>
     <span class='ocr_line' id='line_1_5' title="bbox 300 419 1249 472; baseline 0.001 -13"><span class='ocrx_word' id='word_1_30' title='bbox 300 419 419 472; x_wconf 84' lang='grc' dir='ltr'>ἄμφω</span> <span class='ocrx_word' id='word_1_31' title='bbox 444 422 518 472; x_wconf 73' lang='grc' dir='ltr'>γὰρ</span> <span class='ocrx_word' id='word_1_32' title='bbox 545 419 588 458; x_wconf 82' lang='grc' dir='ltr'>οὐ</span> <span class='ocrx_word' id='word_1_33' title='bbox 614 419 845 470; x_wconf 80' lang='grc' dir='ltr'>ψευδόμεθα</span> <span class='ocrx_word' id='word_1_34' title='bbox 870 423 952 460; x_wconf 82' lang='grc' dir='ltr'>τοῖς</span> <span class='ocrx_word' id='word_1_35' title='bbox 978 420 1114 471; x_wconf 80' lang='grc' dir='ltr'>λόγοις</span> <span class='ocrx_word' id='word_1_36' title='bbox 1142 421 1249 460; x_wconf 84' lang='grc' dir='ltr'>ἴσως.</span> 
     </span>
     <span class='ocr_line' id='line_1_6' title="bbox 137 485 1220 538; baseline 0.001 -13"><span class='ocrx_word' id='word_1_37' title='bbox 137 489 210 526; x_wconf 85' lang='grc' dir='ltr'>Κλ.</span> <span class='ocrx_word' id='word_1_38' title='bbox 301 486 392 526; x_wconf 84' lang='grc' dir='ltr'>ἀλλ’</span> <span class='ocrx_word' id='word_1_39' title='bbox 420 485 442 536; x_wconf 83' lang='grc' dir='ltr'><strong><em>ἦ</em></strong></span> <span class='ocrx_word' id='word_1_40' title='bbox 467 485 645 526; x_wconf 84' lang='grc' dir='ltr'>πέπονθα</span> <span class='ocrx_word' id='word_1_41' title='bbox 671 485 797 532; x_wconf 85' lang='grc' dir='ltr'>δεινά;</span> <span class='ocrx_word' id='word_1_42' title='bbox 836 486 1045 536; x_wconf 73' lang='grc' dir='ltr'>μνηστεύω</span> <span class='ocrx_word' id='word_1_43' title='bbox 1072 486 1220 538; x_wconf 84' lang='grc' dir='ltr'>γάμους</span> 
     </span>
     <span class='ocr_line' id='line_1_7' title="bbox 300 551 1140 603; baseline 0 -11"><span class='ocrx_word' id='word_1_44' title='bbox 300 553 368 593; x_wconf 85' lang='grc' dir='ltr'>οὐκ</span> <span class='ocrx_word' id='word_1_45' title='bbox 393 554 521 598; x_wconf 86' lang='grc' dir='ltr'>ὄντας,</span> <span class='ocrx_word' id='word_1_46' title='bbox 550 552 600 594; x_wconf 86' lang='grc' dir='ltr'>ὡς</span> <span class='ocrx_word' id='word_1_47' title='bbox 625 551 791 602; x_wconf 80' lang='grc' dir='ltr'>εἴξασιν·</span> <span class='ocrx_word' id='word_1_48' title='bbox 832 554 1011 603; x_wconf 81' lang='grc' dir='ltr'>αἰδοῦμαι</span> <span class='ocrx_word' id='word_1_49' title='bbox 1037 551 1140 592; x_wconf 85' lang='grc' dir='ltr'>τάδε.</span> 
     </span>
     <span class='ocr_line' id='line_1_8' title="bbox 134 619 1040 671; baseline 0.001 -13"><span class='ocrx_word' id='word_1_50' title='bbox 134 622 208 671; x_wconf 86' lang='grc' dir='ltr'>Αχ.</span> <span class='ocrx_word' id='word_1_51' title='bbox 299 621 395 661; x_wconf 81' lang='grc' dir='ltr'>ἴσως</span> <span class='ocrx_word' id='word_1_52' title='bbox 421 620 659 671; x_wconf 85' lang='grc' dir='ltr'>ἐκερτόμησε</span> <span class='ocrx_word' id='word_1_53' title='bbox 685 620 783 670; x_wconf 82' lang='grc' dir='ltr'>κάμὲ</span> <span class='ocrx_word' id='word_1_54' title='bbox 809 619 871 659; x_wconf 87' lang='grc' dir='ltr'>καὶ</span> <span class='ocrx_word' id='word_1_55' title='bbox 898 619 947 660; x_wconf 90' lang='grc' dir='ltr'>σέ</span> <span class='ocrx_word' id='word_1_56' title='bbox 971 636 1040 661; x_wconf 83' lang='grc' dir='ltr'>τις.</span> 
     </span>
     <span class='ocr_line' id='line_1_9' title="bbox 301 685 1456 739; baseline 0.001 -14"><span class='ocrx_word' id='word_1_57' title='bbox 301 685 393 725; x_wconf 83' lang='grc' dir='ltr'>ἀλλ’</span> <span class='ocrx_word' id='word_1_58' title='bbox 419 686 562 739; x_wconf 76' lang='grc' dir='ltr'>ἀμελίᾳ</span> <span class='ocrx_word' id='word_1_59' title='bbox 588 685 652 727; x_wconf 86' lang='grc' dir='ltr'>δὸς</span> <span class='ocrx_word' id='word_1_60' title='bbox 678 685 775 726; x_wconf 77' lang='grc' dir='ltr'>αὐτὰ</span> <span class='ocrx_word' id='word_1_61' title='bbox 802 685 864 726; x_wconf 86' lang='grc' dir='ltr'>καὶ</span> <span class='ocrx_word' id='word_1_62' title='bbox 891 687 1054 738; x_wconf 80' lang='grc' dir='ltr'>φαύλως</span> <span class='ocrx_word' id='word_1_63' title='bbox 1081 686 1191 738; x_wconf 82' lang='grc' dir='ltr'>φέρε.</span> <span class='ocrx_word' id='word_1_64' title='bbox 1393 692 1456 730; x_wconf 80' lang='grc'>850</span> 
     </span>
     <span class='ocr_line' id='line_1_10' title="bbox 135 752 1286 806; baseline 0.001 -14"><span class='ocrx_word' id='word_1_65' title='bbox 135 754 208 792; x_wconf 85' lang='grc' dir='ltr'>Κλ.</span> <span class='ocrx_word' id='word_1_66' title='bbox 297 752 415 806; x_wconf 81' lang='grc' dir='ltr'>χαῖρ’·</span> <span class='ocrx_word' id='word_1_67' title='bbox 453 752 497 792; x_wconf 83' lang='grc' dir='ltr'>οὐ</span> <span class='ocrx_word' id='word_1_68' title='bbox 521 754 597 804; x_wconf 77' lang='grc' dir='ltr'>γὰρ</span> <span class='ocrx_word' id='word_1_69' title='bbox 622 753 752 804; x_wconf 81' lang='grc' dir='ltr'>ὀρθοῖς</span> <span class='ocrx_word' id='word_1_70' title='bbox 777 753 953 803; x_wconf 81' lang='grc' dir='ltr'>ὄμμασίν</span> <span class='ocrx_word' id='word_1_71' title='bbox 980 753 1019 791; x_wconf 79' lang='grc' dir='ltr'>σ’</span> <span class='ocrx_word' id='word_1_72' title='bbox 1046 753 1099 793; x_wconf 83' lang='grc' dir='ltr'>ἔτ’</span> <span class='ocrx_word' id='word_1_73' title='bbox 1129 754 1286 805; x_wconf 83' lang='grc' dir='ltr'>εἰσορῶ,</span> 
     </span>
     <span class='ocr_line' id='line_1_11' title="bbox 299 818 1135 871; baseline 0.001 -12"><span class='ocrx_word' id='word_1_74' title='bbox 299 819 449 871; x_wconf 71' lang='grc' dir='ltr'>ψευδὴς</span> <span class='ocrx_word' id='word_1_75' title='bbox 474 818 667 871; x_wconf 82' lang='grc' dir='ltr'>γενομένη</span> <span class='ocrx_word' id='word_1_76' title='bbox 695 819 756 859; x_wconf 85' lang='grc' dir='ltr'>καὶ</span> <span class='ocrx_word' id='word_1_77' title='bbox 785 819 954 860; x_wconf 75' lang='grc' dir='ltr'>παθοῧσ’</span> <span class='ocrx_word' id='word_1_78' title='bbox 981 819 1135 870; x_wconf 79' lang='grc' dir='ltr'>ἀνάξια.</span> 
     </span>
     <span class='ocr_line' id='line_1_12' title="bbox 134 885 1222 939; baseline 0.002 -14"><span class='ocrx_word' id='word_1_79' title='bbox 134 889 207 939; x_wconf 88' lang='grc' dir='ltr'>Αχ.</span> <span class='ocrx_word' id='word_1_80' title='bbox 299 886 362 926; x_wconf 87' lang='grc' dir='ltr'>καὶ</span> <span class='ocrx_word' id='word_1_81' title='bbox 388 887 451 926; x_wconf 86' lang='grc' dir='ltr'>σοὶ</span> <span class='ocrx_word' id='word_1_82' title='bbox 477 885 556 925; x_wconf 90' lang='grc' dir='ltr'>τόδ’</span> <span class='ocrx_word' id='word_1_83' title='bbox 583 887 693 926; x_wconf 84' lang='grc' dir='ltr'>ἐστὶν</span> <span class='ocrx_word' id='word_1_84' title='bbox 719 885 766 936; x_wconf 81' lang='grc' dir='ltr'>ἐξ</span> <span class='ocrx_word' id='word_1_85' title='bbox 789 887 894 937; x_wconf 81' lang='grc' dir='ltr'>ἐμοῦ·</span> <span class='ocrx_word' id='word_1_86' title='bbox 933 887 1053 927; x_wconf 88' lang='grc' dir='ltr'>πόσιν</span> <span class='ocrx_word' id='word_1_87' title='bbox 1080 889 1119 927; x_wconf 80' lang='grc' dir='ltr'>δὲ</span> <span class='ocrx_word' id='word_1_88' title='bbox 1148 886 1222 927; x_wconf 78' lang='grc' dir='ltr'>σὸν</span> 
     </span>
     <span class='ocr_line' id='line_1_13' title="bbox 299 953 1164 1006; baseline 0.001 -15"><span class='ocrx_word' id='word_1_89' title='bbox 299 953 446 1006; x_wconf 83' lang='grc' dir='ltr'>στείχω</span> <span class='ocrx_word' id='word_1_90' title='bbox 472 953 680 1003; x_wconf 85' lang='grc' dir='ltr'>ματεύσων</span> <span class='ocrx_word' id='word_1_91' title='bbox 706 956 828 994; x_wconf 86' lang='grc' dir='ltr'>τῶνδε</span> <span class='ocrx_word' id='word_1_92' title='bbox 855 953 1044 1004; x_wconf 84' lang='grc' dir='ltr'>δωμάτων</span> <span class='ocrx_word' id='word_1_93' title='bbox 1071 954 1164 994; x_wconf 84' lang='grc' dir='ltr'>ἔσω.</span> 
     </span>
    </p>
   </div>
   <div class='ocr_carea' id='block_1_3' title="bbox 128 1052 1456 1989">
    <p class='ocr_par' dir='ltr' id='par_1_3' title="bbox 128 1052 1456 1832">
     <span class='ocr_line' id='line_1_14' title="bbox 133 1052 1455 1107; baseline 0.002 -13"><span class='ocrx_word' id='word_1_94' title='bbox 133 1058 208 1107; x_wconf 82' lang='grc' dir='ltr'>Πρ.</span> <span class='ocrx_word' id='word_1_95' title='bbox 232 1052 261 1094; x_wconf 72' lang='grc' dir='ltr'><em>ὦ</em></span> <span class='ocrx_word' id='word_1_96' title='bbox 312 1054 379 1100; x_wconf 81' lang='grc' dir='ltr'>ἐν’,</span> <span class='ocrx_word' id='word_1_97' title='bbox 409 1056 555 1095; x_wconf 76' lang='grc' dir='ltr'>Αἰακοῦ</span> <span class='ocrx_word' id='word_1_98' title='bbox 579 1054 784 1106; x_wconf 85' lang='grc' dir='ltr'>γένεθλον,</span> <span class='ocrx_word' id='word_1_99' title='bbox 813 1059 962 1105; x_wconf 87' lang='grc' dir='ltr'>μεῖνον·</span> <span class='ocrx_word' id='word_1_100' title='bbox 1002 1052 1043 1100; x_wconf 72' lang='grc' dir='ltr'>ὦ,</span> <span class='ocrx_word' id='word_1_101' title='bbox 1074 1055 1123 1095; x_wconf 90' lang='grc' dir='ltr'>σέ</span> <span class='ocrx_word' id='word_1_102' title='bbox 1148 1072 1208 1095; x_wconf 88' lang='grc' dir='ltr'>τοι</span> <span class='ocrx_word' id='word_1_103' title='bbox 1233 1054 1353 1107; x_wconf 84' lang='grc' dir='ltr'>λέγω,</span> <span class='ocrx_word' id='word_1_104' title='bbox 1394 1060 1455 1099; x_wconf 90' lang='grc'>855</span> 
     </span>
     <span class='ocr_line' id='line_1_15' title="bbox 227 1121 1346 1174; baseline 0.002 -14"><span class='ocrx_word' id='word_1_105' title='bbox 227 1121 295 1161; x_wconf 84' lang='grc' dir='ltr'>τὸν</span> <span class='ocrx_word' id='word_1_106' title='bbox 321 1124 411 1163; x_wconf 78' lang='grc' dir='ltr'>θεᾶς</span> <span class='ocrx_word' id='word_1_107' title='bbox 437 1125 592 1173; x_wconf 82' lang='grc' dir='ltr'>γεγῶτα</span> <span class='ocrx_word' id='word_1_108' title='bbox 617 1123 748 1168; x_wconf 86' lang='grc' dir='ltr'>παῖδα,</span> <span class='ocrx_word' id='word_1_109' title='bbox 779 1122 840 1161; x_wconf 84' lang='grc' dir='ltr'>καὶ</span> <span class='ocrx_word' id='word_1_110' title='bbox 869 1121 929 1166; x_wconf 83' lang='grc' dir='ltr'>σε’,</span> <span class='ocrx_word' id='word_1_111' title='bbox 958 1121 1028 1170; x_wconf 73' lang='grc' dir='ltr'>τὴν</span> <span class='ocrx_word' id='word_1_112' title='bbox 1056 1121 1189 1172; x_wconf 67' lang='grc' dir='ltr'>Λήδας</span> <span class='ocrx_word' id='word_1_113' title='bbox 1217 1123 1346 1174; x_wconf 82' lang='grc' dir='ltr'>κόρην.</span> 
     </span>
     <span class='ocr_line' id='line_1_16' title="bbox 132 1186 1386 1241; baseline 0.001 -14"><span class='ocrx_word' id='word_1_114' title='bbox 132 1190 207 1241; x_wconf 80' lang='grc' dir='ltr'>Αχ.</span> <span class='ocrx_word' id='word_1_115' title='bbox 228 1188 285 1229; x_wconf 87' lang='grc' dir='ltr'>τίς</span> <span class='ocrx_word' id='word_1_116' title='bbox 311 1188 330 1226; x_wconf 89' lang='grc' dir='ltr'><em>ὁ</em></span> <span class='ocrx_word' id='word_1_117' title='bbox 355 1191 486 1228; x_wconf 80' lang='grc' dir='ltr'>καλῶν</span> <span class='ocrx_word' id='word_1_118' title='bbox 513 1187 638 1229; x_wconf 84' lang='grc' dir='ltr'>πύλας</span> <span class='ocrx_word' id='word_1_119' title='bbox 663 1186 870 1238; x_wconf 79' lang='grc' dir='ltr'>παροίξας;</span> <span class='ocrx_word' id='word_1_120' title='bbox 911 1187 961 1229; x_wconf 84' lang='grc' dir='ltr'>ὡς</span> <span class='ocrx_word' id='word_1_121' title='bbox 986 1189 1237 1239; x_wconf 75' lang='grc' dir='ltr'>τεταρβηκὼς</span> <span class='ocrx_word' id='word_1_122' title='bbox 1264 1192 1386 1233; x_wconf 69' lang='grc' dir='ltr'>καλεῖ,</span> 
     </span>
     <span class='ocr_line' id='line_1_17' title="bbox 134 1253 1317 1309; baseline 0.003 -16"><span class='ocrx_word' id='word_1_123' title='bbox 134 1257 208 1306; x_wconf 85' lang='grc' dir='ltr'>Πρ.</span> <span class='ocrx_word' id='word_1_124' title='bbox 231 1257 382 1300; x_wconf 78' lang='grc' dir='ltr'>δοῦλος,</span> <span class='ocrx_word' id='word_1_125' title='bbox 410 1254 484 1307; x_wconf 83' lang='grc' dir='ltr'>οὐχ</span> <span class='ocrx_word' id='word_1_126' title='bbox 509 1254 730 1306; x_wconf 78' lang='grc' dir='ltr'>ἁβρύνομαι</span> <span class='ocrx_word' id='word_1_127' title='bbox 756 1253 856 1309; x_wconf 75' lang='grc' dir='ltr'>τῷδ’·</span> <span class='ocrx_word' id='word_1_128' title='bbox 894 1254 915 1304; x_wconf 89' lang='grc' dir='ltr'>ἡ</span> <span class='ocrx_word' id='word_1_129' title='bbox 942 1255 1041 1307; x_wconf 88' lang='grc' dir='ltr'>τύχη</span> <span class='ocrx_word' id='word_1_130' title='bbox 1068 1254 1142 1306; x_wconf 85' lang='grc' dir='ltr'>γάρ</span> <span class='ocrx_word' id='word_1_131' title='bbox 1168 1255 1235 1294; x_wconf 85' lang='grc' dir='ltr'>οὐκ</span> <span class='ocrx_word' id='word_1_132' title='bbox 1263 1256 1317 1309; x_wconf 74' lang='grc' dir='ltr'>ε’ᾇ.</span> 
     </span>
     <span class='ocr_line' id='line_1_18' title="bbox 131 1320 1422 1374; baseline 0.002 -14"><span class='ocrx_word' id='word_1_133' title='bbox 131 1323 208 1374; x_wconf 87' lang='grc' dir='ltr'>Αχ.</span> <span class='ocrx_word' id='word_1_134' title='bbox 228 1321 355 1368; x_wconf 82' lang='grc' dir='ltr'>τίνος,·</span> <span class='ocrx_word' id='word_1_135' title='bbox 395 1320 488 1372; x_wconf 84' lang='grc' dir='ltr'>ἐμὸς</span> <span class='ocrx_word' id='word_1_136' title='bbox 511 1323 584 1371; x_wconf 82' lang='grc' dir='ltr'>μὲν</span> <span class='ocrx_word' id='word_1_137' title='bbox 607 1320 711 1373; x_wconf 82' lang='grc' dir='ltr'>οὐχί·</span> <span class='ocrx_word' id='word_1_138' title='bbox 749 1322 870 1374; x_wconf 85' lang='grc' dir='ltr'>χωρὶς</span> <span class='ocrx_word' id='word_1_139' title='bbox 895 1321 998 1371; x_wconf 80' lang='grc' dir='ltr'>τάμὰ</span> <span class='ocrx_word' id='word_1_140' title='bbox 1025 1321 1087 1361; x_wconf 88' lang='grc' dir='ltr'>καὶ</span> <span class='ocrx_word' id='word_1_141' title='bbox 1114 1321 1422 1373; x_wconf 82' lang='grc' dir='ltr'>Ἀγαμέμνονος.</span> 
     </span>
     <span class='ocr_line' id='line_1_19' title="bbox 130 1386 1456 1440; baseline 0.002 -13"><span class='ocrx_word' id='word_1_142' title='bbox 130 1390 204 1440; x_wconf 89' lang='grc' dir='ltr'>Πρ.</span> <span class='ocrx_word' id='word_1_143' title='bbox 226 1389 348 1438; x_wconf 87' lang='grc' dir='ltr'>τῆσδε</span> <span class='ocrx_word' id='word_1_144' title='bbox 367 1390 436 1438; x_wconf 84' lang='grc' dir='ltr'>τῆς</span> <span class='ocrx_word' id='word_1_145' title='bbox 456 1386 642 1438; x_wconf 84' lang='grc' dir='ltr'>πάροιθεν</span> <span class='ocrx_word' id='word_1_146' title='bbox 663 1389 792 1433; x_wconf 83' lang='grc' dir='ltr'>οἴκων,</span> <span class='ocrx_word' id='word_1_147' title='bbox 810 1386 1018 1439; x_wconf 88' lang='grc' dir='ltr'>Τυνδάρεω</span> <span class='ocrx_word' id='word_1_148' title='bbox 1041 1389 1176 1430; x_wconf 80' lang='grc' dir='ltr'>δόντος</span> <span class='ocrx_word' id='word_1_149' title='bbox 1196 1390 1353 1439; x_wconf 86' lang='grc' dir='ltr'>πατρός.</span> <span class='ocrx_word' id='word_1_150' title='bbox 1394 1393 1456 1424; x_wconf 80' lang='lat'>860</span> 
     </span>
     <span class='ocr_line' id='line_1_20' title="bbox 128 1452 1434 1510; baseline 0.002 -17"><span class='ocrx_word' id='word_1_151' title='bbox 128 1457 204 1508; x_wconf 91' lang='grc' dir='ltr'>Αχ.</span> <span class='ocrx_word' id='word_1_152' title='bbox 226 1454 412 1505; x_wconf 84' lang='grc' dir='ltr'>ἕσταμεν·</span> <span class='ocrx_word' id='word_1_153' title='bbox 452 1453 586 1506; x_wconf 81' lang='grc' dir='ltr'>φράζ’,</span> <span class='ocrx_word' id='word_1_154' title='bbox 615 1455 651 1494; x_wconf 80' lang='grc' dir='ltr'>εἴ</span> <span class='ocrx_word' id='word_1_155' title='bbox 677 1471 713 1494; x_wconf 90' lang='grc' dir='ltr'>τι</span> <span class='ocrx_word' id='word_1_156' title='bbox 743 1452 908 1510; x_wconf 76' lang='grc' dir='ltr'>χρῄζεις,</span> <span class='ocrx_word' id='word_1_157' title='bbox 935 1455 989 1494; x_wconf 74' lang='grc' dir='ltr'>ὧν</span> <span class='ocrx_word' id='word_1_158' title='bbox 1014 1454 1053 1505; x_wconf 82' lang='grc' dir='ltr'>μ’</span> <span class='ocrx_word' id='word_1_159' title='bbox 1080 1454 1252 1507; x_wconf 83' lang='grc' dir='ltr'>ἐπέσχες</span> <span class='ocrx_word' id='word_1_160' title='bbox 1283 1456 1434 1497; x_wconf 81' lang='grc' dir='ltr'>οὔνεκα.</span> 
     </span>
     <span class='ocr_line' id='line_1_21' title="bbox 130 1520 1295 1573; baseline 0.002 -13"><span class='ocrx_word' id='word_1_161' title='bbox 130 1524 205 1573; x_wconf 87' lang='grc' dir='ltr'>Πρ.</span> <span class='ocrx_word' id='word_1_162' title='bbox 228 1520 252 1571; x_wconf 75' lang='grc' dir='ltr'><strong><em>ἦ</em></strong></span> <span class='ocrx_word' id='word_1_163' title='bbox 275 1521 383 1573; x_wconf 90' lang='grc' dir='ltr'>μόνω</span> <span class='ocrx_word' id='word_1_164' title='bbox 408 1521 578 1573; x_wconf 86' lang='grc' dir='ltr'>παρόντε</span> <span class='ocrx_word' id='word_1_165' title='bbox 604 1522 700 1570; x_wconf 86' lang='grc' dir='ltr'>δῆτα</span> <span class='ocrx_word' id='word_1_166' title='bbox 726 1520 855 1560; x_wconf 81' lang='grc' dir='ltr'>ταῖσδ’</span> <span class='ocrx_word' id='word_1_167' title='bbox 882 1520 1108 1573; x_wconf 83' lang='grc' dir='ltr'>ἐφέστατον</span> <span class='ocrx_word' id='word_1_168' title='bbox 1133 1521 1295 1567; x_wconf 84' lang='grc' dir='ltr'>πύλαις;</span> 
     </span>
     <span class='ocr_line' id='line_1_22' title="bbox 130 1586 1391 1641; baseline 0.001 -14"><span class='ocrx_word' id='word_1_169' title='bbox 130 1591 206 1641; x_wconf 89' lang='grc' dir='ltr'>Αχ.</span> <span class='ocrx_word' id='word_1_170' title='bbox 228 1588 279 1630; x_wconf 83' lang='grc' dir='ltr'>ὡς</span> <span class='ocrx_word' id='word_1_171' title='bbox 302 1588 441 1639; x_wconf 89' lang='grc' dir='ltr'>μόνοιν</span> <span class='ocrx_word' id='word_1_172' title='bbox 465 1587 600 1639; x_wconf 88' lang='grc' dir='ltr'>λέγοις</span> <span class='ocrx_word' id='word_1_173' title='bbox 625 1586 685 1633; x_wconf 82' lang='grc' dir='ltr'>ἄν,</span> <span class='ocrx_word' id='word_1_174' title='bbox 715 1586 789 1638; x_wconf 80' lang='grc' dir='ltr'>ἔξω</span> <span class='ocrx_word' id='word_1_175' title='bbox 817 1587 849 1626; x_wconf 86' lang='grc' dir='ltr'>δ’</span> <span class='ocrx_word' id='word_1_176' title='bbox 875 1589 969 1627; x_wconf 78' lang='grc' dir='ltr'>ἐλθὲ</span> <span class='ocrx_word' id='word_1_177' title='bbox 995 1589 1222 1638; x_wconf 80' lang='grc' dir='ltr'>βασιλείων</span> <span class='ocrx_word' id='word_1_178' title='bbox 1248 1589 1391 1638; x_wconf 83' lang='grc' dir='ltr'>δόμων.</span> 
     </span>
     <span class='ocr_line' id='line_1_23' title="bbox 129 1653 1284 1707; baseline 0.001 -14"><span class='ocrx_word' id='word_1_179' title='bbox 129 1657 203 1706; x_wconf 87' lang='grc' dir='ltr'>Πρ.</span> <span class='ocrx_word' id='word_1_180' title='bbox 226 1653 255 1694; x_wconf 71' lang='grc' dir='ltr'><em>ὦ</em></span> <span class='ocrx_word' id='word_1_181' title='bbox 279 1654 393 1707; x_wconf 89' lang='grc' dir='ltr'>Τύχη</span> <span class='ocrx_word' id='word_1_182' title='bbox 418 1653 584 1705; x_wconf 84' lang='grc' dir='ltr'>πρόνοιά</span> <span class='ocrx_word' id='word_1_183' title='bbox 609 1653 643 1692; x_wconf 81' lang='grc' dir='ltr'>θ’</span> <span class='ocrx_word' id='word_1_184' title='bbox 667 1653 759 1704; x_wconf 84' lang='grc' dir='ltr'>ἡμή,</span> <span class='ocrx_word' id='word_1_185' title='bbox 789 1653 941 1693; x_wconf 80' lang='grc' dir='ltr'>σώσαθ’</span> <span class='ocrx_word' id='word_1_186' title='bbox 972 1654 1037 1695; x_wconf 74' lang='grc' dir='ltr'>οὓς</span> <span class='ocrx_word' id='word_1_187' title='bbox 1063 1655 1140 1706; x_wconf 85' lang='grc' dir='ltr'>ἐγὼ</span> <span class='ocrx_word' id='word_1_188' title='bbox 1167 1654 1284 1694; x_wconf 84' lang='grc' dir='ltr'>θέλω.</span> 
     </span>
     <span class='ocr_line' id='line_1_24' title="bbox 128 1715 1453 1775; baseline 0.002 -15"><span class='ocrx_word' id='word_1_189' title='bbox 128 1724 203 1775; x_wconf 90' lang='grc' dir='ltr'>Αχ.</span> <span class='ocrx_word' id='word_1_190' title='bbox 227 1721 246 1760; x_wconf 88' lang='grc' dir='ltr'>ὁ</span> <span class='ocrx_word' id='word_1_191' title='bbox 270 1721 392 1773; x_wconf 85' lang='grc' dir='ltr'>λόγος</span> <span class='ocrx_word' id='word_1_192' title='bbox 421 1722 461 1762; x_wconf 86' lang='grc' dir='ltr'>ἐς</span> <span class='ocrx_word' id='word_1_193' title='bbox 487 1719 675 1771; x_wconf 86' lang='grc' dir='ltr'>μέλλοντ’</span> <span class='ocrx_word' id='word_1_194' title='bbox 703 1720 782 1760; x_wconf 50' lang='grc' dir='ltr'>Ῠᾶν</span> <span class='ocrx_word' id='word_1_195' title='bbox 808 1715 922 1770; x_wconf 50' lang='grc' dir='ltr'>ὤσηΫ</span> <span class='ocrx_word' id='word_1_196' title='bbox 951 1721 1110 1773; x_wconf 86' lang='grc' dir='ltr'>χρόνον·</span> <span class='ocrx_word' id='word_1_197' title='bbox 1149 1720 1233 1774; x_wconf 83' lang='grc' dir='ltr'>ἔχει</span> <span class='ocrx_word' id='word_1_198' title='bbox 1267 1721 1299 1761; x_wconf 88' lang='grc' dir='ltr'>δ’</span> <span class='ocrx_word' id='word_1_199' title='bbox 1333 1723 1453 1774; x_wconf 79' lang='grc' dir='ltr'>ὄγκον</span> 
     </span>
     <span class='ocr_line' id='line_1_25' title="bbox 429 1787 1450 1832; baseline -0.004 -5"><span class='ocrx_word' id='word_1_200' title='bbox 429 1787 528 1828; x_wconf 87' lang='grc' dir='ltr'>τινά.</span> <span class='ocrx_word' id='word_1_201' title='bbox 1388 1792 1450 1832; x_wconf 83' lang='grc'>865</span> 
     </span>
    </p>

    <p class='ocr_par' dir='ltr' id='par_1_4' title="bbox 129 1853 1290 1911">
     <span class='ocr_line' id='line_1_26' title="bbox 129 1853 1290 1911; baseline 0 -17"><span class='ocrx_word' id='word_1_202' title='bbox 129 1857 201 1896; x_wconf 89' lang='grc' dir='ltr'>Κλ.</span> <span class='ocrx_word' id='word_1_203' title='bbox 225 1853 355 1905; x_wconf 75' lang='grc' dir='ltr'>δεξιᾶς</span> <span class='ocrx_word' id='word_1_204' title='bbox 380 1854 487 1895; x_wconf 82' lang='grc' dir='ltr'>ἕκατι</span> <span class='ocrx_word' id='word_1_205' title='bbox 511 1853 562 1905; x_wconf 77' lang='grc' dir='ltr'>μὴ</span> <span class='ocrx_word' id='word_1_206' title='bbox 588 1853 717 1905; x_wconf 84' lang='grc' dir='ltr'>μέλλ’,</span> <span class='ocrx_word' id='word_1_207' title='bbox 748 1854 784 1894; x_wconf 85' lang='grc' dir='ltr'>εἵ</span> <span class='ocrx_word' id='word_1_208' title='bbox 810 1854 850 1894; x_wconf 86' lang='grc' dir='ltr'>τί</span> <span class='ocrx_word' id='word_1_209' title='bbox 870 1871 937 1904; x_wconf 92' lang='grc' dir='ltr'>μοι</span> <span class='ocrx_word' id='word_1_210' title='bbox 962 1853 1119 1911; x_wconf 75' lang='grc' dir='ltr'>χρῄζεις</span> <span class='ocrx_word' id='word_1_211' title='bbox 1144 1853 1290 1906; x_wconf 86' lang='grc' dir='ltr'>λέγειν.</span> 
     </span>
    </p>

    <p class='ocr_par' dir='ltr' id='par_1_5' title="bbox 169 1946 1451 1989">
     <span class='ocr_line' id='line_1_27' title="bbox 169 1946 1451 1989; baseline 0.002 -12"><span class='ocrx_word' id='word_1_212' title='bbox 169 1948 232 1986; x_wconf 82' lang='lat'>844</span> <span class='ocrx_word' id='word_1_213' title='bbox 256 1948 338 1979; x_wconf 80' lang='grc' dir='ltr'>τάπὸ</span> <span class='ocrx_word' id='word_1_214' title='bbox 356 1949 413 1978; x_wconf 81' lang='grc' dir='ltr'>σοῦ</span> <span class='ocrx_word' id='word_1_215' title='bbox 431 1946 577 1985; x_wconf 80' lang='lat' dir='ltr'>Dobree,</span> <span class='ocrx_word' id='word_1_216' title='bbox 594 1946 634 1978; x_wconf 85' lang='lat' dir='ltr'>cf.</span> <span class='ocrx_word' id='word_1_217' title='bbox 666 1955 748 1985; x_wconf 89' lang='lat'><em>1214</em></span> <span class='ocrx_word' id='word_1_218' title='bbox 764 1958 771 1976; x_wconf 91' lang='lat'>:</span> <span class='ocrx_word' id='word_1_219' title='bbox 797 1946 939 1978; x_wconf 80' lang='lat' dir='ltr'>sortasse</span> <span class='ocrx_word' id='word_1_220' title='bbox 958 1950 1015 1979; x_wconf 83' lang='grc' dir='ltr'>σοῦ</span> <span class='ocrx_word' id='word_1_221' title='bbox 1032 1947 1114 1988; x_wconf 79' lang='grc' dir='ltr'>πάρα</span> <span class='ocrx_word' id='word_1_222' title='bbox 1302 1948 1367 1985; x_wconf 83' lang='lat'>846</span> <span class='ocrx_word' id='word_1_223' title='bbox 1390 1950 1451 1989; x_wconf 77' lang='grc' dir='ltr'>γὰρ</span> 
     </span>
    </p>
   </div>
   <div class='ocr_carea' id='block_1_4' title="bbox 125 1990 1450 2074">
    <p class='ocr_par' dir='ltr' id='par_1_6' title="bbox 125 1990 1450 2074">
     <span class='ocr_line' id='line_1_28' title="bbox 127 1990 1450 2031; baseline -0.001 -9"><span class='ocrx_word' id='word_1_224' title='bbox 127 1990 321 2030; x_wconf 80' lang='grc' dir='ltr'>ἐψευδόμεθα</span> <span class='ocrx_word' id='word_1_225' title='bbox 336 2000 451 2029; x_wconf 87' lang='lat' dir='ltr'>apogr.</span> <span class='ocrx_word' id='word_1_226' title='bbox 474 1990 579 2020; x_wconf 68' lang='lat' dir='ltr'>Paris.</span> <span class='ocrx_word' id='word_1_227' title='bbox 681 1991 743 2028; x_wconf 85' lang='lat'>847</span> <span class='ocrx_word' id='word_1_228' title='bbox 769 1990 788 2027; x_wconf 80' lang='grc' dir='ltr'>ἢ</span> <span class='ocrx_word' id='word_1_229' title='bbox 807 1990 832 2020; x_wconf 93' lang='lat' dir='ltr'>L</span> <span class='ocrx_word' id='word_1_230' title='bbox 848 1990 874 2019; x_wconf 89' lang='lat' dir='ltr'>P</span> <span class='ocrx_word' id='word_1_231' title='bbox 971 1991 1034 2028; x_wconf 77' lang='lat'>848</span> <span class='ocrx_word' id='word_1_232' title='bbox 1060 1991 1201 2022; x_wconf 81' lang='grc' dir='ltr'>ἐοίκασιν</span> <span class='ocrx_word' id='word_1_233' title='bbox 1219 2001 1387 2031; x_wconf 80' lang='lat' dir='ltr'>suprascr.</span> <span class='ocrx_word' id='word_1_234' title='bbox 1411 1992 1450 2021; x_wconf 80' lang='lat' dir='ltr'>L2</span> 
     </span>
     <span class='ocr_line' id='line_1_29' title="bbox 125 2033 1446 2074; baseline 0 -10"><span class='ocrx_word' id='word_1_235' title='bbox 125 2034 189 2072; x_wconf 87' lang='lat'>850</span> <span class='ocrx_word' id='word_1_236' title='bbox 214 2034 328 2073; x_wconf 86' lang='grc' dir='ltr'>ἆμελία</span> <span class='ocrx_word' id='word_1_237' title='bbox 346 2033 409 2063; x_wconf 76' lang='lat'>1³²:</span> <span class='ocrx_word' id='word_1_238' title='bbox 434 2034 567 2072; x_wconf 81' lang='grc' dir='ltr'>ἀμελεία</span> <span class='ocrx_word' id='word_1_239' title='bbox 586 2033 610 2063; x_wconf 89' lang='lat' dir='ltr'>L</span> <span class='ocrx_word' id='word_1_240' title='bbox 623 2033 648 2063; x_wconf 89' lang='lat' dir='ltr'>P</span> <span class='ocrx_word' id='word_1_241' title='bbox 737 2033 795 2071; x_wconf 79' lang='lat'>851</span> <span class='ocrx_word' id='word_1_242' title='bbox 824 2034 854 2065; x_wconf 91' lang='grc' dir='ltr'>σ’</span> <span class='ocrx_word' id='word_1_243' title='bbox 873 2043 937 2064; x_wconf 88' lang='lat' dir='ltr'>om.</span> <span class='ocrx_word' id='word_1_244' title='bbox 959 2034 984 2063; x_wconf 90' lang='lat' dir='ltr'>L</span> <span class='ocrx_word' id='word_1_245' title='bbox 998 2034 1046 2064; x_wconf 84' lang='lat' dir='ltr'>P:</span> <span class='ocrx_word' id='word_1_246' title='bbox 1071 2035 1146 2066; x_wconf 86' lang='lat' dir='ltr'>add.</span> <span class='ocrx_word' id='word_1_247' title='bbox 1168 2034 1207 2064; x_wconf 76' lang='lat'>1³2</span> <span class='ocrx_word' id='word_1_248' title='bbox 1296 2035 1358 2073; x_wconf 85' lang='lat'>855</span> <span class='ocrx_word' id='word_1_249' title='bbox 1376 2045 1446 2074; x_wconf 75' lang='lat' dir='ltr'><strong>sqq.</strong></span> 
     </span>
    </p>
   </div>
   <div class='ocr_carea' id='block_1_5' title="bbox 123 2076 1450 2379">
    <p class='ocr_par' dir='ltr' id='par_1_7' title="bbox 123 2076 1450 2379">
     <span class='ocr_line' id='line_1_30' title="bbox 126 2076 1450 2118; baseline 0.001 -9"><span class='ocrx_word' id='word_1_250' title='bbox 126 2081 360 2110; x_wconf 80' lang='grc' dir='ltr'>ΠΡΕΣΒΥΤΗΣ</span> <span class='ocrx_word' id='word_1_251' title='bbox 378 2076 575 2108; x_wconf 84' lang='lat' dir='ltr'>Markland:</span> <span class='ocrx_word' id='word_1_252' title='bbox 602 2076 742 2118; x_wconf 77' lang='grc' dir='ltr'>θεράπων</span> <span class='ocrx_word' id='word_1_253' title='bbox 760 2076 785 2106; x_wconf 94' lang='lat' dir='ltr'><strong>L</strong></span> <span class='ocrx_word' id='word_1_254' title='bbox 799 2076 825 2106; x_wconf 84' lang='lat' dir='ltr'>P</span> <span class='ocrx_word' id='word_1_255' title='bbox 955 2078 1018 2116; x_wconf 80' lang='lat'>856</span> <span class='ocrx_word' id='word_1_256' title='bbox 1041 2078 1064 2108; x_wconf 79' lang='grc' dir='ltr'><em>ὦ</em></span> <span class='ocrx_word' id='word_1_257' title='bbox 1083 2078 1120 2109; x_wconf 85' lang='grc' dir='ltr'>σέ</span> <span class='ocrx_word' id='word_1_258' title='bbox 1139 2077 1314 2108; x_wconf 79' lang='lat' dir='ltr'>Markland</span> <span class='ocrx_word' id='word_1_259' title='bbox 1330 2090 1336 2108; x_wconf 91' lang='lat'>:</span> <span class='ocrx_word' id='word_1_260' title='bbox 1354 2080 1393 2110; x_wconf 82' lang='grc' dir='ltr'>ὡς</span> <span class='ocrx_word' id='word_1_261' title='bbox 1412 2079 1450 2110; x_wconf 82' lang='grc' dir='ltr'>σέ</span> 
     </span>
     <span class='ocr_line' id='line_1_31' title="bbox 127 2119 1448 2162; baseline 0.002 -12"><span class='ocrx_word' id='word_1_262' title='bbox 127 2120 190 2150; x_wconf 92' lang='lat' dir='ltr'>LP</span> <span class='ocrx_word' id='word_1_263' title='bbox 339 2121 401 2159; x_wconf 85' lang='lat'>857</span> <span class='ocrx_word' id='word_1_264' title='bbox 426 2121 627 2162; x_wconf 77' lang='grc' dir='ltr'>τεταρβηκὸς</span> <span class='ocrx_word' id='word_1_265' title='bbox 646 2119 798 2158; x_wconf 83' lang='lat' dir='ltr'>England</span> <span class='ocrx_word' id='word_1_266' title='bbox 941 2121 1005 2159; x_wconf 82' lang='lat'>858</span> <span class='ocrx_word' id='word_1_267' title='bbox 1029 2121 1120 2161; x_wconf 74' lang='grc' dir='ltr'>τῷδ’]</span> <span class='ocrx_word' id='word_1_268' title='bbox 1138 2121 1204 2152; x_wconf 85' lang='grc' dir='ltr'>τόδ’</span> <span class='ocrx_word' id='word_1_269' title='bbox 1221 2131 1387 2160; x_wconf 77' lang='lat' dir='ltr'>suprascr.</span> <span class='ocrx_word' id='word_1_270' title='bbox 1408 2121 1448 2152; x_wconf 81' lang='lat' dir='ltr'>L2</span> 
     </span>
     <span class='ocr_line' id='line_1_32' title="bbox 125 2162 1448 2203; baseline -0.002 -7"><span class='ocrx_word' id='word_1_271' title='bbox 125 2166 181 2196; x_wconf 85' lang='grc' dir='ltr'>οὐκ</span> <span class='ocrx_word' id='word_1_272' title='bbox 196 2174 310 2203; x_wconf 87' lang='lat' dir='ltr'>apogr.</span> <span class='ocrx_word' id='word_1_273' title='bbox 331 2164 452 2194; x_wconf 87' lang='lat' dir='ltr'>Paris.:</span> <span class='ocrx_word' id='word_1_274' title='bbox 475 2164 507 2203; x_wconf 82' lang='grc' dir='ltr'>μ’</span> <span class='ocrx_word' id='word_1_275' title='bbox 527 2165 582 2195; x_wconf 82' lang='grc' dir='ltr'>οὐκ</span> <span class='ocrx_word' id='word_1_276' title='bbox 600 2163 625 2193; x_wconf 95' lang='lat' dir='ltr'>L</span> <span class='ocrx_word' id='word_1_277' title='bbox 641 2162 667 2192; x_wconf 92' lang='lat' dir='ltr'>P</span> <span class='ocrx_word' id='word_1_278' title='bbox 873 2164 936 2194; x_wconf 89' lang='lat'>860</span> <span class='ocrx_word' id='word_1_279' title='bbox 961 2167 1060 2202; x_wconf 85' lang='grc' dir='ltr'>τῆσδε</span> <span class='ocrx_word' id='word_1_280' title='bbox 1077 2167 1135 2202; x_wconf 82' lang='grc' dir='ltr'>τῆς</span> <span class='ocrx_word' id='word_1_281' title='bbox 1155 2165 1179 2194; x_wconf 93' lang='lat' dir='ltr'>L</span> <span class='ocrx_word' id='word_1_282' title='bbox 1195 2176 1202 2195; x_wconf 86' lang='lat'>:</span> <span class='ocrx_word' id='word_1_283' title='bbox 1225 2168 1324 2196; x_wconf 82' lang='grc' dir='ltr'>τῶνδε</span> <span class='ocrx_word' id='word_1_284' title='bbox 1341 2168 1404 2196; x_wconf 81' lang='grc' dir='ltr'>τῶν</span> <span class='ocrx_word' id='word_1_285' title='bbox 1423 2164 1448 2194; x_wconf 88' lang='lat' dir='ltr'>P</span> 
     </span>
     <span class='ocr_line' id='line_1_33' title="bbox 124 2206 1448 2249; baseline 0.002 -11"><span class='ocrx_word' id='word_1_286' title='bbox 124 2208 273 2247; x_wconf 86' lang='lat'>862-865</span> <span class='ocrx_word' id='word_1_287' title='bbox 298 2207 501 2247; x_wconf 84' lang='lat' dir='ltr'>paragraphi</span> <span class='ocrx_word' id='word_1_288' title='bbox 519 2206 622 2247; x_wconf 84' lang='lat' dir='ltr'>praes.</span> <span class='ocrx_word' id='word_1_289' title='bbox 643 2207 676 2236; x_wconf 91' lang='lat' dir='ltr'>in</span> <span class='ocrx_word' id='word_1_290' title='bbox 697 2207 722 2236; x_wconf 95' lang='lat' dir='ltr'>L</span> <span class='ocrx_word' id='word_1_291' title='bbox 735 2207 761 2237; x_wconf 92' lang='lat' dir='ltr'>P</span> <span class='ocrx_word' id='word_1_292' title='bbox 900 2208 963 2237; x_wconf 84' lang='lat'>862</span> <span class='ocrx_word' id='word_1_293' title='bbox 987 2207 1126 2249; x_wconf 36' lang='grc' dir='ltr'>παρόντε,</span> <span class='ocrx_word' id='word_1_294' title='bbox 1142 2207 1253 2238; x_wconf 86' lang='lat' dir='ltr'>Bothe</span> <span class='ocrx_word' id='word_1_295' title='bbox 1271 2219 1278 2238; x_wconf 71' lang='grc' dir='ltr'>ε</span> <span class='ocrx_word' id='word_1_296' title='bbox 1302 2208 1448 2248; x_wconf 81' lang='grc' dir='ltr'>πάροιθεν</span> 
     </span>
     <span class='ocr_line' id='line_1_34' title="bbox 127 2249 1446 2291; baseline 0 -10"><span class='ocrx_word' id='word_1_297' title='bbox 127 2251 152 2281; x_wconf 93' lang='lat' dir='ltr'>L</span> <span class='ocrx_word' id='word_1_298' title='bbox 165 2251 191 2281; x_wconf 93' lang='lat' dir='ltr'>P</span> <span class='ocrx_word' id='word_1_299' title='bbox 321 2251 426 2282; x_wconf 81' lang='grc' dir='ltr'>ταῖσδ’</span> <span class='ocrx_word' id='word_1_300' title='bbox 443 2251 468 2281; x_wconf 92' lang='lat' dir='ltr'>L</span> <span class='ocrx_word' id='word_1_301' title='bbox 485 2262 492 2281; x_wconf 90' lang='lat'>:</span> <span class='ocrx_word' id='word_1_302' title='bbox 516 2253 588 2283; x_wconf 80' lang='grc' dir='ltr'>παῖς</span> <span class='ocrx_word' id='word_1_303' title='bbox 607 2250 633 2282; x_wconf 88' lang='grc' dir='ltr'>δ’</span> <span class='ocrx_word' id='word_1_304' title='bbox 652 2249 696 2282; x_wconf 89' lang='lat' dir='ltr'>P:</span> <span class='ocrx_word' id='word_1_305' title='bbox 723 2253 781 2282; x_wconf 85' lang='grc' dir='ltr'><em>παῖ</em></span> <span class='ocrx_word' id='word_1_306' title='bbox 796 2251 822 2282; x_wconf 89' lang='grc' dir='ltr'>δ’</span> <span class='ocrx_word' id='word_1_307' title='bbox 841 2249 881 2280; x_wconf 80' lang='lat' dir='ltr'>P2</span> <span class='ocrx_word' id='word_1_308' title='bbox 897 2251 988 2291; x_wconf 80' lang='lat' dir='ltr'>velp</span> <span class='ocrx_word' id='word_1_309' title='bbox 1122 2252 1184 2290; x_wconf 82' lang='lat'>863</span> <span class='ocrx_word' id='word_1_310' title='bbox 1209 2251 1319 2290; x_wconf 82' lang='grc' dir='ltr'>μόνοιν</span> <span class='ocrx_word' id='word_1_311' title='bbox 1339 2251 1446 2281; x_wconf 89' lang='lat' dir='ltr'>Mark-</span> 
     </span>
     <span class='ocr_line' id='line_1_35' title="bbox 123 2294 1445 2334; baseline 0 -9"><span class='ocrx_word' id='word_1_312' title='bbox 123 2295 202 2325; x_wconf 85' lang='lat' dir='ltr'>land</span> <span class='ocrx_word' id='word_1_313' title='bbox 219 2306 225 2324; x_wconf 87' lang='lat'>:</span> <span class='ocrx_word' id='word_1_314' title='bbox 249 2294 356 2334; x_wconf 85' lang='grc' dir='ltr'>μόνοις</span> <span class='ocrx_word' id='word_1_315' title='bbox 375 2295 401 2324; x_wconf 93' lang='lat' dir='ltr'>L</span> <span class='ocrx_word' id='word_1_316' title='bbox 413 2294 439 2324; x_wconf 91' lang='lat' dir='ltr'>P</span> <span class='ocrx_word' id='word_1_317' title='bbox 546 2297 724 2331; x_wconf 79' lang='grc' dir='ltr'>βασιλικῶν</span> <span class='ocrx_word' id='word_1_318' title='bbox 743 2294 905 2324; x_wconf 81' lang='lat' dir='ltr'>Matthiae</span> <span class='ocrx_word' id='word_1_319' title='bbox 1017 2296 1079 2333; x_wconf 78' lang='lat'>864</span> <span class='ocrx_word' id='word_1_320' title='bbox 1105 2296 1223 2327; x_wconf 77' lang='grc' dir='ltr'>σώσαθ’</span> <span class='ocrx_word' id='word_1_321' title='bbox 1242 2295 1422 2334; x_wconf 79' lang='lat' dir='ltr'>Musgrave</span> <span class='ocrx_word' id='word_1_322' title='bbox 1439 2306 1445 2325; x_wconf 89' lang='lat'>:</span> 
     </span>
     <span class='ocr_line' id='line_1_36' title="bbox 123 2337 1442 2379; baseline 0.001 -9"><span class='ocrx_word' id='word_1_323' title='bbox 123 2337 245 2370; x_wconf 80' lang='grc' dir='ltr'>σώσασ’</span> <span class='ocrx_word' id='word_1_324' title='bbox 264 2338 313 2369; x_wconf 83' lang='lat' dir='ltr'>L:</span> <span class='ocrx_word' id='word_1_325' title='bbox 338 2340 445 2370; x_wconf 81' lang='grc' dir='ltr'>σώσας</span> <span class='ocrx_word' id='word_1_326' title='bbox 463 2337 513 2368; x_wconf 90' lang='lat' dir='ltr'>P:</span> <span class='ocrx_word' id='word_1_327' title='bbox 539 2340 679 2378; x_wconf 65' lang='grc' dir='ltr'>σῶσονῤ</span> <span class='ocrx_word' id='word_1_328' title='bbox 846 2339 908 2376; x_wconf 79' lang='grc'>865</span> <span class='ocrx_word' id='word_1_329' title='bbox 934 2339 971 2370; x_wconf 73' lang='grc' dir='ltr'>ἂν</span> <span class='ocrx_word' id='word_1_330' title='bbox 995 2338 1077 2379; x_wconf 71' lang='grc' dir='ltr'>ὤση]</span> <span class='ocrx_word' id='word_1_331' title='bbox 1105 2339 1223 2371; x_wconf 78' lang='grc' dir='ltr'>ἀνοίσει</span> <span class='ocrx_word' id='word_1_332' title='bbox 1248 2338 1442 2369; x_wconf 63' lang='grc' dir='ltr'>ΜΞΓΙίῙειΠάῖ</span> 
     </span>
    </p>
   </div>
   <div class='ocr_carea' id='block_1_6' title="bbox 122 2380 1116 2421">
    <p class='ocr_par' dir='ltr' id='par_1_8' title="bbox 122 2380 1116 2421">
     <span class='ocr_line' id='line_1_37' title="bbox 122 2380 1116 2421; baseline -0.001 -8"><span class='ocrx_word' id='word_1_333' title='bbox 122 2381 290 2421; x_wconf 82' lang='grc' dir='ltr'>μέλλοντα</span> <span class='ocrx_word' id='word_1_334' title='bbox 307 2382 404 2413; x_wconf 78' lang='grc' dir='ltr'>σώσει</span> <span class='ocrx_word' id='word_1_335' title='bbox 425 2382 528 2412; x_wconf 86' lang='lat' dir='ltr'>Monk</span> <span class='ocrx_word' id='word_1_336' title='bbox 661 2382 726 2411; x_wconf 87' lang='grc'>866</span> <span class='ocrx_word' id='word_1_337' title='bbox 748 2380 844 2417; x_wconf 76' lang='grc' dir='ltr'>μέλλ’</span> <span class='ocrx_word' id='word_1_338' title='bbox 867 2381 907 2411; x_wconf 70' lang='lat' dir='ltr'>L²</span> <span class='ocrx_word' id='word_1_339' title='bbox 925 2393 931 2412; x_wconf 88' lang='lat'><strong>:</strong></span> <span class='ocrx_word' id='word_1_340' title='bbox 956 2381 1029 2417; x_wconf 84' lang='grc' dir='ltr'>μέλ’</span> <span class='ocrx_word' id='word_1_341' title='bbox 1052 2382 1076 2412; x_wconf 87' lang='lat' dir='ltr'>L</span> <span class='ocrx_word' id='word_1_342' title='bbox 1090 2383 1116 2412; x_wconf 87' lang='grc' dir='ltr'><em>Ρ</em></span> 
     </span>
    </p>
   </div>
  </div>
 </body>
</html>
