1658 2740
714 122 910 159 ΡΗΣΟΣ

247 222 270 275 ἢ
298 228 450 267 κλῶπες
475 224 611 276 ἄνδρες
637 221 659 273 ἦ
686 224 935 264 κατάσκοποί
957 240 1071 265 τινες.
1404 227 1469 268 645

150 295 220 332 Αθ.
247 291 398 343 θάρσει·
437 290 643 343 φυλάσσει
668 290 707 329 σ’
735 290 802 339 ἥδε
831 290 1048 341 πρευμενὴς
1077 290 1234 340 Κύπρις.

246 357 358 408 μέλει
383 356 416 397 δ’
443 357 463 395 ὁ
489 357 560 398 σός
584 373 651 406 μοι
676 357 862 405 πόλεμος,
891 354 970 395 οὐδ’
997 356 1205 406 ἀμνημονῶ

248 425 372 474 τιμῆς,
401 424 546 463 ἐπαινῶ
573 422 605 462 δ’
632 422 673 462 εὖ
698 424 884 462 παθοῦσα
909 421 1003 472 πρὸς
1030 421 1160 462 σέθεν.

251 491 313 530 καὶ
337 493 404 531 νῦν
430 488 490 529 ἐπ’
517 488 744 541 εὐτυχοῦντι
767 491 931 542 Τρωικῷ
958 492 1112 542 στρατῷ

249 557 329 606 ἥκω
355 554 563 607 πορεύουσ’
588 554 711 606 ἄνδρα
736 572 802 594 σοι
828 554 953 606 μέγαν
980 556 1114 606 φίλον,
1409 559 1473 598 650

249 625 318 672 τῆς
343 624 557 672 ὑμνοποιοῦ
582 624 701 662 παῖδα
727 619 906 677 Θρῄκιον
935 622 1024 663 θεᾶς

250 689 427 738 Μούσης·
466 687 612 740 πατρὸς
638 689 678 728 δὲ
706 688 929 739 Στρυμόνος
955 687 1219 737 κικλήσκεται.

150 759 224 795 Αλ.
245 757 324 795 αἰεί
346 754 432 795 ποτ’
458 755 498 796 εἴ)
525 758 732 807 φρονοῦσα
757 754 966 807 τυγχάνεις
991 755 1107 795 πόλει

251 822 376 872 κάμοί,
403 821 596 873 μέγιστον
623 821 655 860 δ’
682 822 724 861 ἐν
751 822 828 875 [Βίῳ
857 820 1057 872 κειμήλιον

251 889 382 939 κρίνας
409 887 457 928 σέ
483 893 584 939 φημι
608 890 700 944 τῇδε
727 887 977 938 προσθέσθαι
1003 888 1131 927 πόλει.
1410 888 1472 928 655

248 953 327 1003 ἥκω
355 953 386 993 δ’
412 954 582 994 ἀκούσας
609 954 653 994 οὐ
678 952 973 1006 τορῶς-φήμη
1000 953 1042 993 δέ
1065 970 1122 995 τις

251 1018 424 1070 φύλαξιν
449 1019 814 1070 ἐμπέπτωκεν-ὡς
845 1019 1090 1060 κατάσκοποι

249 1085 386 1134 ἥκουσ’
411 1085 598 1138 Ἀχαιῶν.
670 1086 728 1139 χῶ
754 1088 825 1136 μὲν
851 1086 918 1126 οὐκ
945 1087 1036 1126 ἰδὼν
1059 1084 1182 1137 λέγει,

249 1148 270 1190 ὃ
295 1149 329 1189 δ’
355 1152 513 1190 εἰσιδὼν
537 1152 734 1201 μολόντας
759 1152 826 1191 οὐκ
851 1152 935 1204 ἔχει
960 1151 1125 1203 φράσαι·

250 1217 304 1256 ὧν
329 1215 455 1257 οὕνεκ’
482 1215 595 1258 εὐνὰς
619 1216 769 1266 ἤλυθον
795 1220 891 1268 πρὸς
909 1216 1113 1268 ‘'Em-opos*-
1410 1220 1474 1252 660
1500 1221 1503 1224 ’

152 1285 223 1323 Αθ.
250 1285 371 1333 μηδὲν
397 1285 595 1339 φοβηθῇς·
635 1282 747 1323 οὐδὲν
774 1284 816 1322 ἐν
843 1286 997 1337 στρατῷ
1022 1282 1126 1324 νέον·

243 1347 401 1400 ’Έκτωρ
426 1350 467 1389 δὲ
495 1352 665 1401 φροῦδος
692 1351 832 1406 Θρῇκα
859 1348 1059 1400 κοιμήσων
1087 1350 1270 1400 στρατόν.

151 1416 226 1454 Αλ.
247 1413 299 1454 σύ
322 1414 386 1454 τοί
407 1431 455 1465 με
480 1416 640 1461 πείθεις,
671 1418 758 1457 σοῖς
783 1418 824 1456 δὲ
850 1416 1046 1456 πιστεύων
1071 1416 1207 1468 λόγοις

248 1479 362 1531 τάξιν
387 1480 578 1533 φυλάξων
605 1481 683 1531 εἶμ’
713 1482 918 1533 ἐλεύθερος
944 1483 1091 1533 φόβου.

150 1549 221 1588 Αθ.
249 1547 382 1599 χώρει·
419 1546 558 1596 μέλειν
584 1548 658 1597 γὰρ
685 1546 798 1586 πάντ’
827 1548 913 1597 ἐμοὶ
937 1548 1042 1587 δόκει
1067 1549 1114 1587 τὰ
1140 1546 1206 1594 σά,
1410 1551 1472 1590 665

250 1610 346 1651 ὥστ’
372 1611 632 1665 εὐτυχοῦντας
659 1611 891 1665 συμμάχους
916 1612 1031 1663 ἐμοὺς
1057 1614 1162 1664 ὁρᾶν.

251 1678 387 1734 γνώσῃ
414 1679 456 1718 δὲ
484 1678 545 1717 καὶ
573 1677 623 1717 σὺ
648 1677 719 1728 τὴν
747 1678 844 1728 ἐμὴν
870 1680 1101 1731 προθυμίαν.

249 1772 347 1821 ὑμᾶς
373 1770 405 1811 δ’
431 1772 532 1811 ἀυτῶ
559 1771 649 1813 τοὺς
673 1770 775 1823 ἄγαν
801 1771 1055 1823 ἐρρωμένους,

251 1838 442 1889 Λαερτίου
468 1841 550 1884 παῖ,
581 1839 702 1887 θηκτὰ
729 1838 905 1888 κοιμίσαι
930 1836 1039 1891 ξίφη.

253 1906 375 1944 κεῖται
399 1904 474 1955 γὰρ
499 1903 591 1954 ἡμῖν
618 1901 790 1959 Θρῄκιος
816 1904 1100 1956 στρατηλάτης,
1412 1909 1475 1947 670

252 1969 366 2009 ἵπποι
390 1968 423 2008 τ’
449 1968 621 2022 ἔχονται,
648 1969 831 2020 πολέμιοι
857 1970 889 2009 δ’
913 1970 1129 2026 ᾐσθημένοι

252 2034 423 2088 χωροῦσ’
449 2035 514 2087 ἐφ’
540 2036 650 2086 ὑμᾶς·
689 2035 781 2076 ἀλλ’
807 2037 905 2077 ὅσον
930 2036 1102 2090 τάχιστα
1126 2037 1202 2090 χρὴ

194 2128 258 2166 646
281 2127 440 2167 φυλάσσω
458 2127 571 2158 Naber
716 2128 780 2167 652
805 2128 845 2159 cf.
866 2139 929 2168 279
1075 2130 1138 2167 654
1163 2129 1188 2160 δ’
1209 2128 1238 2159 Ο
1255 2139 1261 2158 :
1284 2139 1348 2159 om.
1367 2128 1397 2157 V
1411 2129 1435 2158 L
1449 2128 1475 2158 P

151 2172 216 2210 655
240 2170 295 2210 σέ]
313 2170 348 2203 δέ
365 2171 396 2201 O
513 2172 577 2209 658
601 2172 674 2202 ἰδὼν
691 2171 771 2202 Chr.
791 2171 868 2202 Pat.
888 2173 991 2210 1876:
1018 2173 1106 2204 εἰδὼς
1125 2172 1220 2203 codd.
1342 2173 1405 2211 659
1429 2170 1475 2203 ὅδ’

153 2215 193 2246 ὡς
210 2215 284 2245 ι’δὼν
301 2214 332 2244 V
453 2214 515 2244 662
541 2214 702 2253 κοιμήσων
718 2214 790 2244 VO
805 2225 811 2245 :
839 2215 1012 2254 κοσμήσων
1032 2215 1057 2244 L
1070 2215 1096 2244 P
1126 2230 1129 2231 ⁷
1227 2216 1301 2252 663,
1319 2216 1382 2253 664
1407 2217 1475 2247 σοῖς

152 2269 189 2288 τε
205 2256 346 2288 πιστεύω
367 2256 393 2286 L
407 2256 454 2286 P:
480 2259 548 2288 σοῖς
572 2270 608 2288 τε
629 2257 770 2288 πιστεύω
792 2258 904 2298 λόγοις
927 2258 1017 2298 τάξιν
1039 2271 1075 2289 τε
1099 2261 1201 2299 τηρῶν
1222 2258 1281 2297 εἶμ’
1299 2258 1378 2289 Chr.
1399 2257 1472 2288 Pat.

155 2300 237 2330 1806
249 2310 296 2338 sq.
400 2301 464 2338 665
489 2302 578 2331 δοκεῖ
590 2299 660 2329 VO
757 2301 823 2330 666
847 2303 886 2333 ὡς
904 2300 930 2330 L
944 2301 970 2330 P
1065 2302 1128 2331 668
1154 2303 1230 2340 ὑμᾶς
1247 2301 1306 2339 μὲν
1324 2303 1404 2333 αὐδῶ
1422 2300 1472 2331 O:

154 2344 231 2381 ὑμᾶς
244 2344 329 2374 ἇῦτῶ
343 2342 454 2372 deleto
467 2343 494 2374 δ’
506 2342 684 2373 Wecklein
776 2345 841 2383 669
859 2344 998 2382 κοιμίσαι
1009 2344 1069 2383 Vp
1083 2356 1088 2375 ;
1111 2346 1260 2383 κοιμῆσαι
1274 2345 1304 2375 O
1319 2355 1325 2374 :
1346 2345 1474 2384 κομίσαι

154 2385 218 2415 LP
327 2387 392 2424 670
415 2395 477 2415 om.
500 2385 529 2416 O
641 2387 704 2424 672
727 2385 862 2427 τάχιστ’
881 2389 980 2429 ἐχρῆν
999 2387 1062 2417 LP

240 2449 321 2471 Eun.
339 2449 390 2471 111.
1304 2444 1343 2474 25
