1658 2740
657 112 939 148 01²8leOE

235 217 385 255 ἐκεῖνον
409 215 562 267 ἡγεῖσθ’
595 217 758 255 ἀνόσιον
787 216 848 255 καὶ
874 218 1055 256 κτείνετε·
1395 230 1454 260 593

235 283 381 324 ἐκεῖνος
407 282 558 334 ἥμαρτ’,
585 282 651 321 οὐκ
678 283 771 333 ἐγώ.
842 283 882 321 τί
904 284 1004 334 χρῆν
1027 299 1075 333 με
1103 285 1216 335 δρᾶν,-

232 345 254 398 ἦ
283 349 350 388 οὐκ
375 349 588 401 ἀξιόχρεως
614 349 634 387 ὁ
660 347 746 390 θεὸς
771 347 1016 400 ἀναφέροντί
1035 366 1102 399 μοι

232 416 387 465 μίασμα
411 418 550 461 λῦσαι;
587 418 658 455 ποῖ
679 431 738 456 τις
763 414 830 455 οὖν
855 414 909 454 ἔτ’
935 414 983 455 ἂν
1010 415 1142 467 φύγοι,

232 482 265 521 εἰ
290 481 341 532 μὴ
368 482 387 520 ὁ
415 482 606 523 κελεύσας
629 481 797 533 ῥύσεταί
818 498 867 531 με
890 481 942 532 μὴ
971 484 1124 538 θανεῖν,·

233 547 323 588 ἀλλ’
349 548 400 589 ὡς
427 550 498 598 μὲν
522 548 590 587 οὐκ
616 547 657 587 εῧ
680 547 732 598 μὴ
758 546 844 599 λέγ’
871 549 1076 599 εἴργασται
1098 547 1204 593 τάδε,
1390 553 1455 583 600

233 614 326 664 ἡμῖν
351 616 392 654 δὲ
416 617 497 656 τοῖς
521 613 719 665 δράσασιν
745 613 814 653 οὐκ
840 613 1088 664 εὐδαιμόνως.

300 680 419 732 γάμοι
443 679 474 720 δ’
500 681 610 722 ὅσοις
636 682 708 731 μὲν
734 680 775 720 εὖ
801 682 1043 720 καθεστᾶσιν
1067 684 1236 732 βροτῶν,

231 746 420 799 μακάριος
447 747 554 787 αἰών·
593 747 651 789 οἷς
675 748 717 787 δὲ
741 746 794 797 μὴ
820 747 1034 787 πίπτουσιν
1059 747 1113 792 εὖ,

231 813 279 853 τά
303 813 335 853 τ’
361 814 473 854 ἔνδον
499 813 578 854 εἶσὶ
603 812 650 853 τά
675 829 718 854 τε
743 814 881 864 θύραζε
906 816 1128 867 δυστυχεῖς.

131 883 189 919 Χο
230 881 305 920 αἰεὶ
330 884 509 931 γυναῖκες
534 880 717 930 ἐμποδὼν
741 883 825 921 ταῖς
851 883 1077 932 συμφοραῖς
1391 885 1453 923 605

229 947 385 998 ἔφυσαν
411 947 564 998 ἀνδρῶν
589 946 684 999 πρὸς
708 950 752 986 τὸ
783 946 1113 1000 δυστυχέστερον.

128 1015 199 1052 Τυ.
227 1014 311 1053 ἐπεὶ
337 1013 513 1069 θρασύνῃ
539 1013 636 1065 κούχ
660 1012 892 1069 ὑποστέλλῃ
916 1014 1038 1068 λόγῳ,

230 1080 329 1120 οὕτω
356 1079 387 1119 δ’
413 1080 561 1135 ἀμείβῃ
585 1079 624 1130 μ’
651 1080 756 1120 ὥστε
779 1079 818 1131 μ’
844 1080 1021 1132 ἀλγῆσαι
1045 1079 1185 1133 φρένα,

228 1147 384 1197 μᾶλλόν
408 1145 448 1197 μ’
477 1144 635 1196 ἀνάξεις
660 1145 725 1186 ἐπὶ
750 1146 825 1186 σὸν
851 1145 1027 1197 ἐξελθεῖν
1052 1147 1191 1199 φόνον·

230 1216 350 1253 καλὸν
375 1212 571 1265 πάρεργον
597 1212 629 1252 δ’
656 1212 748 1252 αὐτὸ
775 1212 948 1264 θήσομαι
973 1213 1105 1254 πόνων
1390 1218 1454 1249 610

229 1280 283 1319 ὧν
309 1278 425 1320 εἵνεκ’
452 1278 575 1329 ἦλθον
602 1279 763 1331 θυγατρὶ
791 1278 1006 1331 κοσμήσων
1029 1279 1173 1332 τάφον.

230 1346 365 1397 μολὼν
389 1347 466 1398 γὰρ
491 1347 546 1388 εἷς
572 1346 763 1396 ἔκκλητον
788 1345 980 1398 Ἀργείων
1005 1347 1131 1400 ὄχλον

230 1415 397 1454 ἑκοῦσαν
423 1413 497 1466 οὐχ
522 1414 690 1453 ἑκοῦσαν
716 1413 908 1453 ἐπισείσω
934 1413 1053 1454 πόλιν

232 1480 297 1520 σοὶ
322 1485 375 1536 σῇ
399 1479 431 1519 τ’
459 1479 627 1535 ἀδελφῇ,
656 1479 847 1531 λεύσιμον
871 1482 1004 1520 δοῦναι
1029 1481 1152 1530 δίκην.

230 1548 387 1597 μᾶλλον
416 1545 449 1586 δ’
478 1547 604 1596 ἐκείνη
632 1548 707 1585 σοῦ
729 1548 862 1587 θανεῖν
886 1546 972 1586 ἐστ’
998 1545 1101 1597 ἀξία,
1389 1551 1452 1590 615

229 1611 254 1662 ἢ
279 1617 326 1669 τῇ
352 1612 520 1668 τεκούσῃ
548 1611 587 1652 σ’
613 1611 794 1664 ἠγρίωσ’,
822 1614 861 1654 ἐς
885 1612 951 1655 οὓς
975 1613 1036 1654 ἀεὶ

232 1678 444 1729 πέμπουσα
473 1679 616 1729 μύθους
641 1679 706 1719 ἐπὶ
730 1678 774 1719 τὸ
801 1678 1128 1732 δυσμενέστερον,

232 1745 398 1797 ὀνείρατ’
424 1744 684 1797 ἀγγέλλουσα
707 1747 756 1785 τὰ
780 1744 1085 1798 Ἀγαμέμνονος,

233 1811 296 1851 καὶ
320 1811 511 1851 τοῦθ’-ὃ
535 1810 1004 1864 μισήσειαν-Αἰγίσθου
1027 1811 1208 1866 λέχος-

233 1880 268 1918 οἱ
294 1877 467 1930 νέρτεροι
492 1878 586 1918 θεοί·
625 1878 686 1918 καὶ
711 1880 786 1930 γὰρ
814 1877 944 1919 ἐνθάδ’
968 1877 1017 1928 ἦν
1040 1879 1192 1931 πικρόν·
1391 1881 1454 1913 620

175 1979 237 2009 595
270 1970 417 2002 κτείνατε
442 1969 600 2001 Clemens
735 1972 800 2010 596
830 1973 916 2012 χρῆν
940 1970 1027 2001 BP:
1058 1973 1123 2011 χρῆ
1150 1970 1245 2001 MVe
1275 1971 1341 2012 χρή
1365 1969 1452 2002 AL:

131 2014 172 2046 cf.
191 2023 251 2054 551
351 2023 413 2053 597
438 2013 474 2054 ἢ]
493 2015 519 2046 εἷ
536 2013 585 2044 Μ2
683 2015 747 2053 598
770 2017 813 2052 πῆ
830 2027 880 2046 τις
897 2014 942 2046 ἔτ’
956 2015 995 2046 ἂν
1010 2014 1098 2055 φύγη
1117 2014 1165 2045 L:
1188 2013 1244 2046 οὖν
1259 2023 1425 2053 suprascr.
1445 2015 1457 2044 l

130 2059 194 2088 602
219 2058 289 2089 ὅσοι
315 2056 341 2086 L
499 2058 563 2096 603
597 2058 836 2096 συμπίπτουσιν
858 2057 906 2089 V:
938 2058 1104 2089 πίτνουσιν
1128 2057 1238 2088 codex
1261 2057 1292 2087 A
1317 2057 1453 2088 Stobaei

131 2102 160 2132 ss.
183 2102 234 2140 69.
258 2110 296 2139 13
443 2100 506 2139 604
531 2102 677 2141 δυστυχῆ
696 2101 723 2130 L
869 2101 934 2131 606
957 2102 1000 2134 εἷς
1017 2101 1055 2132 τὸ
1070 2100 1100 2130 V
1198 2102 1454 2142 δυσχερέστερον

131 2154 217 2175 rece.
235 2155 242 2174 z
267 2142 536 2184 δυστυχέστατον
553 2143 644 2175 Stob.
664 2145 695 2175 ss.
717 2154 767 2183 73.
785 2154 827 2183 34
988 2145 1055 2183 609
1082 2144 1204 2185 ἀνάξεις
1222 2143 1254 2174 Μ
1267 2143 1454 2178 ABVLE

131 2187 398 2229 (παρορμήσεις);
431 2186 559 2228 ἀνάψεις
584 2186 610 2217 Ρ
698 2189 740 2220 εἷς
765 2189 823 2219 σὸν
845 2187 874 2217 V
963 2190 1069 2219 ἐλθεῖν
1095 2187 1127 2217 Η
1265 2189 1325 2218 611
1360 2188 1454 2219 εἵνεκ’

130 2231 183 2261 V:
218 2232 320 2262 οὕνεκ’
347 2229 418 2262 rell.
508 2231 662 2272 θυγατρὸς
689 2240 856 2270 suprascr.
886 2229 931 2260 Β2
1061 2232 1126 2261 612
1158 2230 1275 2271 ὄχλον]
1304 2232 1402 2272 χορὸν
1426 2230 1453 2260 L

130 2275 194 2313 613
225 2276 287 2315 οὐχ
316 2275 452 2306 ἑκοῦσαν
476 2273 616 2304 Canter:
651 2275 707 2306 οὐκ
735 2275 875 2306 ἄκουσαν
899 2274 995 2305 εοᾰςίΔ
1085 2275 1244 2306 ἀνασεὶσω
1267 2274 1298 2304 V
1320 2288 1372 2316 γρ.
1398 2273 1451 2304 A:

132 2317 270 2349 ἐκπεῖσω
285 2316 316 2347 Α
444 2318 508 2356 615
533 2320 636 2349 θανεῖν
653 2318 763 2358 ἐπαξῖα
781 2317 931 2357 Elmsley
1055 2318 1119 2347 616
1143 2320 1173 2349 (τ’
1190 2328 1254 2349 orn.
1276 2318 1302 2348 L
1317 2329 1324 2348 :
1347 2317 1423 2349 add.
1443 2318 1457 2347 l

131 2362 196 2391 618
228 2361 488 2400 ἀπαγγέλλουσα
513 2359 545 2390 Μ
572 2365 605 2391 et
629 2365 653 2394 Σ
682 2362 778 2400 (κατὰ
803 2364 908 2393 κοινοῦ
932 2362 970 2392 τὸ
995 2360 1277 2402 ἀπαγγέλλουσατ
1310 2361 1452 2392 fortasse

133 2405 224 2443 ὄνειρ’
243 2403 517 2443 ἀπαγγέλλουσα)
650 2405 714 2435 620
735 2405 830 2444 πικρά
850 2404 953 2443 Paley
