1658 2740
649 117 873 154 ΒΑΚΧΑΙ

199 218 324 270 μέγαν
349 218 382 258 τ’
410 219 470 258 ἀν’
497 218 689 259 Ἐλλάδα.
766 218 856 258 ἀλλ’
886 219 984 269 ἐμοί,
1015 221 1177 264 Πενθεῦ,
1206 221 1331 258 πιθοῦ·

199 285 252 336 μὴ
278 285 321 325 τὸ
347 285 484 337 κράτος
510 287 622 339 αὔχει
658 286 725 326 δυι
729 301 820 336 αμιι
849 302 894 325 αι
899 285 1067 336 θρωτοις
1093 286 1212 338 ἔχειν,
1364 298 1424 328 3¹0

199 351 300 403 μηδ’,
328 349 376 401 ἦν
401 355 516 409 δοκῇς
539 352 624 403 μέν,
625 352 680 433 τὴ
707 354 748 392 δὲ
773 350 867 402 δόξα
894 368 967 392 σου
993 368 1105 408 too-31,

200 421 361 470 φρονεῖν
386 419 492 459 δόκει
517 436 566 459 τι·
611 435 680 459 τον
705 412 795 459 θεον
821 417 854 457 δ’
881 435 921 460 ες
946 435 1020 470 γην
1045 418 1170 471 δέχου
1209 450 1224 477 .'
1367 416 1401 456 ἔα»

199 485 260 525 καὶ
287 484 433 525 σπένδε
459 486 521 525 καὶ
550 484 725 538 βάκχευε
752 485 814 525 καὶ
839 484 990 537 στέφου
1017 484 1125 536 κάρα.

264 551 337 604 οὐχ
363 552 382 591 ὁ
410 552 609 594 Διόνυσος
635 555 859 604 σωφρονεῖν
883 550 1102 603 ἀναγκάσει

199 621 384 669 γυναῖκας
412 619 451 659 ἐς
476 618 547 668 τὴν
574 618 737 670 Κύπριν,
766 617 860 658 ἀλλ’
886 619 928 658 ἐν
951 623 998 674 τῇ
1024 619 1146 670 φύσει
1359 630 1420 662 315

197 681 255 735 [τὸ
282 688 506 737 σωφρονεῖν
531 684 687 725 ἔνεστιν
712 686 766 726 εἷς
790 686 838 724 τὰ
863 683 977 725 πάντ’
1003 682 1077 736 ἀεί]

198 753 312 790 τοῦτο
339 754 502 791 σκοπεῖν
527 750 617 804 χρή·
657 752 718 791 καὶ
743 752 818 803 γὰρ
842 752 885 791 ἐν
909 750 1190 803 βακχεύμασιν

197 816 283 856 οῧσ’
310 817 335 867 ἥ
358 834 404 870 γε
430 818 605 869 σώφρων
630 817 675 857 οὐ
700 816 1024 870 διαφθαρήσεται.

265 883 368 938 ὁρᾷς,
397 883 446 923 σὺ
470 884 633 936 χαίρεις,
661 884 756 924 ὅταν
781 885 1009 936 ἐφεστῶσιν
1034 883 1176 924 πύλαις

197 951 354 996 πολλοί,
381 949 425 989 τὸ
451 949 636 991 Πενθέως
660 950 692 990 δ’
717 952 841 1001 ὄνομα
865 951 1067 1006 μεγαλύνῃ
1092 951 1220 992 πόλις’
1358 963 1420 994 3²0

201 1016 390 1063 κάκεῖνος,
418 1016 538 1067 οἶμαι,
565 1016 749 1068 τέρπεται
774 1017 1002 1067 τιμώμενος.

197 1082 274 1134 ἐγὼ
297 1084 369 1133 μὲν
394 1082 461 1122 οὖν
488 1082 549 1122 καὶ
575 1081 746 1133 Κάδμος,
773 1081 818 1122 ὃν
844 1082 894 1123 σὺ
919 1085 1117 1138 διαγελᾷς,

199 1152 326 1203 κισσῷ
351 1147 385 1188 τ’
409 1149 667 1204 βε’ρςψ(ζιᾎιοξρζθρ.
693 1149 756 1189 καὶ
780 1149 1039 1202 χορεύσομεν,

199 1217 320 1255 πολιὰ
344 1214 520 1267 ξυνωρίς,
549 1214 640 1255 ἀλλ’
665 1216 768 1266 ὅμως
793 1215 1018 1269 χορευτέον,

199 1281 266 1322 κού
291 1280 530 1335 θεομαχήσω
556 1285 639 1322 σῶν
663 1280 797 1334 λόγων
822 1283 999 1325 πεισθεὶς
1023 1283 1112 1323 ὕπο.
1304 1279 1307 1281 ’
1358 1295 1418 1327 325

195 1348 314 1404 μαίνῃ
340 1349 414 1400 γᾶρ
439 1348 490 1390 ὡς
513 1347 700 1401 ἄλγιστα,
729 1348 841 1389 κοῦτε
866 1348 1087 1401 φαρμάκοις

199 1413 271 1464 ἄκη
298 1413 444 1465 λάβοις
469 1414 518 1455 ἂν
544 1414 622 1455 οὔτ’
648 1414 740 1456 ἄνευ
765 1414 915 1455 τούτων
939 1419 1084 1457 νοσεῖς.

92 1482 164 1519 Χο.
192 1478 221 1520 ὦ
250 1480 420 1532 πρέσβυ,
448 1482 602 1532 Φοῖβόν
627 1481 661 1521 τ’
687 1481 730 1521 οὐ
756 1482 1031 1534 καταισχύνεις
1053 1482 1204 1534 λόγοις,

194 1550 314 1597 τιμῶν
345 1564 386 1588 τε
412 1549 583 1599 Βρόμιον
611 1551 848 1600 σωφρονεῖς,
873 1547 999 1600 μέγαν
1025 1549 1129 1589 θεόν.

93 1615 166 1652 Κα.
197 1610 226 1652 ὦ
252 1617 333 1660 παῖ,
365 1617 494 1656 καλῶς
521 1630 586 1654 σοι
611 1615 821 1667 Τειρεσίας
846 1612 1082 1670 παρῄνεσεν.
1357 1627 1418 1659 330

193 1681 291 1720 οἴκει
317 1680 403 1731 μεθ’
428 1680 549 1731 ἡμῶν,
575 1680 626 1730 μὴ
653 1682 791 1732 θύραζε
815 1684 893 1721 τῶν
918 1681 1060 1731 νόμων.

197 1749 265 1787 νῦν
290 1747 364 1799 γὰρ
391 1746 488 1802 πέτῃ
514 1763 556 1787 τε
583 1747 644 1787 καὶ
669 1750 828 1798 φρονῶν
853 1746 966 1788 οὐδὲν
991 1750 1163 1799 φρονεῖς.

192 1814 250 1853 κεί
273 1812 324 1863 μὴ
351 1814 425 1864 γὰρ
454 1812 564 1853 ἔστιν
589 1812 609 1852 ὁ
634 1812 721 1854 θεὸς
740 1813 864 1859 οὗτος,
893 1812 944 1855 ὧς
970 1812 1020 1854 σὺ
1046 1812 1137 1869 φῄς,

191 1881 294 1931 παρὰ
321 1880 385 1919 σοὶ
414 1878 611 1931 λεγέσθω·
650 1878 712 1919 καὶ
738 1879 988 1931 καταψεύδου
1013 1883 1142 1921 καλῶς
1410 1926 1417 1934 s

190 1945 240 1987 ὡς
267 1945 367 1992 ἔστι,
396 1944 549 1996 Σεμέλη
580 1945 615 1985 θ’
640 1947 702 1986 ἵνα
728 1948 821 2002 δοκῇ
846 1945 936 1986 θεὸν
959 1949 1098 1992 τεκεῖν,
1330 1936 1432 1989 333³
1443 1946 1473 1995 ξ’

187 2012 281 2062 ἡμῖν
306 2029 347 2052 τε
373 2012 463 2063 τιμὴ
492 2012 608 2053 παντὶ
632 2016 684 2067 τῷ
711 2011 816 2062 γένει
843 2018 984 2068 προσῇ.

129 2114 194 2143 309
218 2104 349 2137 Ἑλλάδ’
366 2105 390 2135 Ι
403 2104 429 2134 Ρ
517 2114 577 2143 311
605 2107 695 2136 νοσεῖ
710 2104 776 2134 LP
869 2114 931 2144 314
958 2106 1134 2145 σωφρονεῖν
1152 2103 1219 2134 LP
1235 2113 1310 2135 cum
1329 2104 1409 2134 Chr.

88 2147 157 2178 Pat.
184 2149 270 2178 261:
302 2149 344 2187 μὴ
371 2151 547 2189 σωφρονειν
565 2153 591 2189 p
609 2157 685 2178 cum
711 2148 805 2178 Stob.
832 2148 862 2178 ss.
886 2158 915 2187 5.
941 2157 978 2186 15
1003 2152 1035 2177 et
1062 2157 1110 2186 74.
1137 2148 1183 2178 8:
1214 2149 1258 2187 μὴ
1282 2149 1412 2188 φρονεῖν

87 2190 288 2230 Musgrave:
313 2192 462 2240 ἂφρονεῖν
478 2191 663 2222 Salmasius
817 2200 879 2230 315
906 2192 951 2223 εἷς
966 2191 1026 2229 τὴν
1044 2190 1140 2231 φύσιν
1158 2190 1252 2222 Stob.
1271 2191 1300 2220 fl
1322 2199 1351 2228 5
1372 2199 1410 2228 15

85 2233 277 2273 316=Hip.
298 2244 362 2273 79:
393 2234 505 2265 omisit
529 2234 582 2265 hic
609 2233 703 2265 Stob.
729 2235 760 2265 ss.
784 2245 833 2273 74.
854 2235 897 2264 8:
928 2233 1027 2265 habet
1054 2243 1084 2272 5.
1113 2243 1176 2272 15:
1207 2238 1242 2264 et
1266 2233 1409 2264 fortasse

85 2276 200 2308 habuit
224 2277 304 2308 Chr.
332 2276 402 2309 Pat.
423 2278 486 2315 264
505 2289 512 2308 :
543 2277 668 2308 delevit
694 2277 876 2308 Kirchhoff
1122 2287 1187 2317 320
1210 2278 1328 2312 οὔνομα
1345 2276 1371 2306 L
1385 2275 1411 2305 P

83 2329 148 2360 327
173 2320 294 2361 νοσεῖς]
312 2320 408 2353 νόσου
427 2320 558 2351 Dobree
689 2330 752 2360 335
776 2320 904 2360 Σεμέλη
925 2322 950 2352 θ’
963 2320 1134 2359 Tyrwhitt
1152 2332 1160 2351 e
1185 2321 1324 2360 σεμέλης
1341 2319 1368 2349 L
1382 2319 1408 2349 P

83 2365 148 2402 336
171 2364 260 2403 ἡμῶν
277 2363 429 2403 Scaliger
