1658 2740
617 124 942 162 ΦΟΙΝΙΣΣΑΙ

118 229 194 267 Πο.
221 227 410 279 ἀσφαλὴς
426 227 500 280 γάρ
521 228 604 268 ἐστ’
626 229 795 279 ἀμείνων
811 225 833 277 ἢ
852 228 998 280 θρασὺς
1018 228 1306 280 στρατηλάτης.
1380 243 1441 273 599

121 297 187 334 Ετ.
219 295 367 345 κομπὸς
393 294 430 334 εἶ
452 298 644 336 σπονδαῖς
663 294 873 340 πεποιθώς,
901 295 944 334 αἴ
965 311 1013 335 σε
1040 293 1236 349 σῴζουσιν
1265 299 1409 336 θανεῖν.

119 364 192 401 Πο.
219 360 282 400 καὶ
306 360 369 401 σε’·
407 361 589 412 δεύτερόν
614 361 646 400 δ’
674 362 824 401 ἀπαιτῶ
852 363 1034 412 σκῆπτρα
1059 361 1121 400 καὶ
1157 361 1254 413 μέρη
1282 364 1440 414 χθονός.

117 430 186 467 Ετ.
225 427 294 466 οὐκ
320 427 615 478 ἀπαιτούμεσθ’·
653 428 730 479 ἐγὼ
755 429 830 479 γὰρ
854 426 921 467 τὸν
948 427 1041 478 ἐμὸν
1067 426 1214 478 οἰκήσω
1242 429 1372 479 δόμον.

116 497 191 534 [Io.
217 497 284 533 τοῦ
307 493 447 546 μέρους
471 493 574 547 ἔχων
599 494 642 533 τὸ
669 497 825 540 πλεῖον;

730 563 798 601 Ετ.
838 559 951 612 φήμ’·
989 560 1259 601 ἀπαλλάσσου
1285 564 1327 602 δὲ
1353 564 1435 613 γῆς.

115 629 188 666 Πο.
216 625 245 666 ὦ
271 629 371 667 θεῶν
394 626 526 677 βωμοὶ
551 625 743 681 πατρῴων
769 658 777 666 .
806 658 814 667 .
843 659 851 668 .

731 697 799 734 Ετ.
839 693 905 736 οὓς
931 694 981 734 σὺ
1008 693 1220 746 πορθήσων
1245 694 1371 746 πάρει.

114 763 189 799 Πο.
218 759 359 800 κλύετέ
382 776 457 810 μου
487 790 494 799 .
524 790 532 800 .
561 791 569 800 .

331 829 397 865 Ετ.
427 827 484 867 τίς
510 826 543 865 δ’
568 825 616 865 ἂν
643 827 752 866 κλύοι
779 843 850 866 σου
877 827 1030 879 πατρίδ’
1057 827 1437 879 ἐπεστρατευμένου,-

113 895 186 931 Πο.
214 892 277 931 καὶ
303 895 402 932 θεῶν
427 897 504 932 τῶν
530 893 794 933 λευκοπώλων
820 894 979 943 δώματα
1006 925 1013 933 .
1044 926 1051 933 .
1080 926 1087 933 .
1374 899 1438 929 606

983 963 1051 1000 Ετ.
1080 962 1115 1001 οἳ,
1142 961 1338 1012 στυγοῦσί
1361 978 1421 1000 σε.

113 1029 186 1065 Πο.
214 1025 535 1076 ἐξελαυνόμεσθα
559 1027 746 1077 πατρίδος
773 1057 780 1065 .
810 1057 817 1065 .
847 1057 854 1065 .

747 1096 814 1132 Ετ.
843 1093 905 1132 καὶ
931 1094 1006 1144 γὰρ
1033 1092 1152 1143 ἦλθες
1178 1092 1338 1143 ἐξελῶν.

110 1160 186 1198 Πο.
211 1158 341 1212 ἀδικίᾳ
365 1157 416 1210 γ’,
445 1157 473 1198 ὦ
499 1159 591 1199 θεοί.

523 1228 592 1265 Ετ.
628 1224 844 1275 Μυκήναις,
871 1225 923 1276 μὴ
951 1224 1072 1266 ’νθάδ’
1098 1224 1288 1266 ἀνακάλει
1314 1227 1436 1268 θεούς.

112 1293 185 1331 Πο.
212 1291 372 1333 ἀνόσιος
397 1291 576 1344 πέφυκας
603 1324 610 1333 .
640 1323 648 1331 .
678 1322 686 1331 .

549 1361 618 1398 Ετ.
654 1357 744 1398 ἀλλ’
771 1358 814 1399 οὐ
839 1359 1038 1410 πατρίδος,
1067 1359 1118 1401 ὡς
1145 1359 1207 1406 σύ,
1235 1359 1436 1411 πολέμιος.

110 1426 186 1463 Πο.
212 1425 254 1466 ὅς
275 1424 317 1475 μ’
341 1423 505 1476 ἄμοιρον
530 1423 767 1475 ἐξελαύνεις.

727 1493 796 1531 Ετ.
833 1491 895 1530 καὶ
921 1496 1140 1533 κατακτενῶ
1167 1510 1213 1545 γε
1237 1494 1345 1544 πρός.
1373 1497 1438 1533 610

109 1559 185 1598 Πο.
211 1555 241 1597 ὦ
266 1555 401 1610 πάτερ,
431 1557 561 1600 κλύεις
586 1558 610 1598 ἃ
635 1556 800 1611 πάσχω;

775 1627 844 1665 Ετ.
883 1625 946 1665 καὶ
970 1626 1044 1677 γὰρ
1069 1625 1132 1665 οἶα
1157 1625 1248 1680 δρᾷς
1275 1626 1394 1666 κλύει.

108 1692 184 1730 Πο.
212 1690 274 1730 καὶ
299 1690 363 1736 σύ,
390 1692 532 1742 μῆτερ;

514 1760 584 1798 Ετ.
619 1756 805 1808 ἀθέμιτόν
830 1774 895 1797 σοι
919 1757 1066 1810 μητρὸς
1092 1757 1299 1809 ὀνομάζειν
1326 1758 1434 1810 κάρα.

108 1825 184 1862 Πο.
211 1820 240 1862 ὦ
263 1823 395 1866 πόλις.

407 1892 476 1929 Ετ.
510 1890 644 1939 μολὼν
669 1891 709 1931 ἐς
727 1889 876 1941 ’Ἄργος
901 1890 1090 1930 ἀνακάλει
1114 1890 1264 1943 Λέρνης
1287 1892 1401 1943 ὕδωρ.

108 1957 182 1995 Πο.
211 1955 301 2006 εἶμι,
327 1955 379 2007 μὴ
406 1956 529 1996 πόνει·
569 1957 617 1995 σὲ
642 1955 674 1995 δ’
699 1957 807 2002 αἰνῶ,
833 1958 968 2008 μῆτερ.

972 2026 1040 2063 Ετ.
1078 2023 1176 2073 ἔξιθι
1200 2024 1357 2077 χθονός.

149 2115 214 2145 600
237 2115 357 2154 κομπὸς
376 2114 407 2144 Μ
421 2113 449 2144 Β
465 2113 492 2144 Ρ
507 2124 527 2145 v
543 2119 578 2144 ut
595 2114 750 2146 videtur:
776 2114 896 2154 κόμπος
912 2115 944 2145 Α
958 2116 987 2145 V
1000 2116 1026 2144 L
1044 2127 1050 2146 :
1067 2129 1117 2157 γρ.
1135 2118 1254 2157 κομψὸς
1266 2121 1289 2150 Σ
1377 2130 1434 2148 πε-

106 2158 227 2189 πονθὼς
248 2158 400 2197 primitus
424 2158 457 2188 M
547 2158 607 2188 601
631 2161 657 2189 δ’
675 2157 906 2188 Wilamowitz
924 2159 976 2198 :7²
994 2160 1092 2190 codd.
1138 2159 1232 2200 μέρος
1252 2159 1433 2190 Wecklein

106 2202 170 2238 603
193 2200 226 2232 δὲ
246 2203 350 2239 τῆσδε
371 2203 432 2242 γῆς
453 2201 480 2230 L
566 2202 631 2239 604
647 2201 669 2231 ὦ
689 2202 750 2232 θεοὶ
766 2204 905 2242 πατρῶοι
922 2200 953 2231 Α
1054 2201 1207 2242 πατρῴων
1225 2202 1407 2240 Byzantini
1426 2214 1432 2233 :

107 2247 247 2285 πατρῷοι
265 2245 360 2275 codd.
432 2245 495 2283 605
513 2243 565 2283 av]
586 2245 623 2275 αὖ
639 2243 669 2273 V
745 2244 809 2275 606
826 2244 979 2284 δωμάτων
994 2244 1026 2274 V
1092 2247 1155 2283 607
1183 2245 1388 2285 ἐξελαύνομαι
1407 2246 1433 2275 Ρ

105 2288 256 2327 πατρίδος
274 2287 528 2327 ἐξελαυνόμεσθα
546 2286 725 2318 Blornfield
910 2290 1025 2327 ἐξελῶν
1044 2293 1081 2321 E:
1109 2289 1226 2328 ἐξελών
1243 2288 1315 2319 fere
1333 2289 1429 2329 codd.

106 2331 170 2359 608
196 2332 229 2371 γ’
250 2331 440 2370 Byzantini:
457 2344 495 2371 ’γε
513 2333 554 2372 σῇ
575 2330 670 2360 codd.
794 2331 859 2360 610
884 2334 1073 2362 κατακτανιῖι
1096 2330 1122 2360 Β
1139 2331 1164 2360 L
1180 2331 1205 2360 P
1319 2331 1374 2373 γε]
1394 2345 1430 2363 σε

107 2372 138 2402 Α
252 2375 316 2404 612
341 2373 490 2408 ἀθέμιτόν
508 2373 620 2403 Bothe
636 2384 642 2404 :
667 2375 700 2405 οὐ
719 2374 847 2413 θεμιτόν
865 2374 961 2404 codd.
981 2378 1003 2407 Σ

194 2426 276 2448 EUR.
297 2428 346 2448 111.
1283 2419 1300 2452 7
