1658 2740
326 147 650 185 ΙΦΙΓΕΝΕΙΑ
703 147 737 183 11
792 145 866 183 EN
919 145 1134 183 ΑὙΛΙΔΙ

167 254 200 293 εἰ
226 251 273 292 δι’
301 251 360 303 ἔμ’
387 253 540 292 ὀλεῖται
565 250 627 292 διά
651 268 693 292 τε
718 251 806 293 τοὺς
835 250 950 301 ἐμοὺς
976 249 1122 302 γάμους

166 319 188 369 ἡ
216 320 323 360 δεινὰ
349 322 480 358 τλᾶσα
507 319 597 359 κούκ
625 319 766 359 ἀνεκτὰ
794 316 999 369 παρθένος,

167 388 375 436 θαυμαστὰ
401 383 434 425 δ’
461 385 510 426 ὡς
538 384 664 435 ἀνάξι’
696 383 956 435 ἠτιμασμένη.

235 453 312 504 ἐγὼ
340 451 525 494 κάκιστος
553 450 599 501 ἦν
625 450 684 503 ἄρ’
716 450 908 503 Ἀργείων
934 449 1043 502 ἀνήρ,

167 520 244 572 ἐγὼ
270 520 313 559 τὸ
337 518 473 570 μηδέν,
506 518 722 560 Μενέλεως
749 517 781 557 δ’
807 519 849 558 ἐν
874 516 1078 569 ἀνδράσιν,
1327 529 1392 561 945

171 586 220 627 ὡς
247 585 337 638 οὐχὶ
364 584 546 635 Πηλέως,
575 584 667 625 ἀλλ’
695 583 918 636 ἀλάστορος
943 584 1083 636 γεγώς,

168 654 275 704 εἴπερ
303 651 462 704 φονεύει
489 651 636 703 τούμὸν
663 653 786 703 ὄνομα
812 654 869 705 σῷ
895 651 1024 691 πόσει.

159 721 213 770 μὰ
238 718 305 759 τὸν
332 718 379 759 δι’
405 719 535 770 ὑγρῶν
563 717 743 770 κυμάτων
768 716 1035 769 τεθραμμένον

167 784 317 837 Νηρέα,
346 784 569 837 φυτουργὸν
598 785 767 828 Θέτιδος
792 785 817 835 ἥ
840 784 879 835 μ’
906 785 1098 837 ἐγείνατο,

168 852 242 904 οὐχ
267 850 417 904 ἅψεται
444 853 517 901 σῆς
546 851 740 904 θυγατρὸς
767 850 1028 903 Ἀγαμέμνων
1053 849 1164 902 ἄναξ,
1331 862 1395 895 950

167 918 247 959 οὐδ’
275 919 329 959 εἷς
355 917 476 970 ἄκραν
504 917 619 970 χεῖρ’,
648 919 754 958 ὥστε
780 922 1031 970 προσβαλεῖν
1056 917 1237 959 πέπλοις·

169 982 191 1035 ἢ
219 986 392 1026 Σίπυλος
419 984 536 1025 ἔσται
561 985 692 1034 πόλις,
722 986 868 1036 ὅρισμα
892 984 1125 1037 βαρβάρων,

170 1052 261 1091 ὅθεν
288 1050 487 1103 πεφύκασ’
520 1053 555 1091 οἱ
584 1050 854 1102 στρατηλάται
878 1050 1005 1103 γένος,

171 1118 296 1159 Φθίας
323 1119 363 1157 δὲ
390 1116 551 1167 τοῦνομ’
577 1117 749 1168 οὐδαμοῦ
775 1116 1022 1167 κεκλήσεται.

174 1183 333 1236 πικροὺς
360 1185 400 1224 δὲ
429 1183 631 1236 προχύτας
657 1183 850 1236 χέρνιβάς
875 1183 908 1223 τ’
935 1183 1137 1236 ἐνάρξεται
1333 1197 1396 1229 955

174 1249 338 1302 Κάλχας
364 1251 384 1289 ὁ
410 1249 562 1300 μάντις.
637 1251 695 1291 τίς
721 1251 762 1290 δὲ
787 1249 925 1301 μάντις
956 1250 1038 1290 ἔστ’
1068 1250 1177 1303 ἀνήρ,

172 1316 213 1359 ὃς
239 1315 341 1369 ὀλίγ’
371 1317 511 1367 ἀληθῆ,
542 1317 678 1356 πολλὰ
703 1319 744 1357 δὲ
769 1319 896 1369 ψευδῆ
922 1315 1032 1370 λέγει

173 1383 318 1437 τυχών,
348 1383 442 1424 ὅταν
472 1385 512 1424 δὲ
538 1382 589 1434 μὴ
618 1383 730 1439 τύχῃ,
759 1384 969 1436 διοίχεται;

238 1449 282 1490 οὐ
308 1453 385 1490 τῶν
411 1448 549 1502 γάμων
576 1450 874 1503 ἕκατι-μυρίαι
901 1451 1010 1503 κόραι

173 1520 324 1569 θηρῶσι
348 1515 515 1569 λέκτρον
542 1517 898 1569 τούμόν-εἴρηται
923 1518 1025 1557 τόδε·
1335 1519 1399 1561 960

173 1583 264 1633 ἀλλ’
291 1585 410 1636 ὕβριν
437 1585 476 1625 ἐς
500 1583 602 1635 ἡμᾶς
627 1583 764 1636 ὕβρισ’
790 1583 1049 1635 Ἀγαμέμνων
1074 1580 1183 1631 ἄναξ.

174 1652 273 1704 χρῆν
302 1649 334 1691 δ’
361 1649 479 1690 αὐτὸν
505 1650 630 1690 αἰτεῖν
656 1649 799 1700 τούμὸν
825 1649 933 1701 ὄνομ’
960 1652 1054 1701 ἐμοῦ
1080 1648 1197 1700 πάρα,

176 1716 329 1769 θήραμα
356 1716 506 1758 παιδός·
545 1716 568 1767 ἡ
597 1715 909 1768 Κλυταιμήστρα
934 1716 965 1756 δ’
993 1716 1077 1767 ἐμοὶ

174 1781 336 1834 μάλιστ’
364 1783 528 1833 ἐπείσθη
559 1781 737 1834 θυγατέρ’
765 1784 944 1823 ἐκδοῦναι
968 1783 1098 1824 πόσει.

177 1849 301 1891 ἔδωκά
326 1849 397 1890 τᾶν
415 1848 633 1900 ”Ελλησιν,
665 1850 698 1890 εἶ
723 1849 819 1901 πρὸς
836 1849 964 1890 Ἴλιον
1337 1852 1399 1894 965

175 1918 218 1957 ἐν
243 1915 330 1971 τῷδ’
357 1916 500 1966 ἔκαμνε
526 1916 685 1957 νόστος·
723 1916 791 1956 οὐκ
820 1915 1026 1968 ἠρνούμεθ’
1050 1915 1098 1956 ἂν

176 1982 220 2023 τὸ
247 1981 376 2023 κοινὸν
403 1982 536 2033 αὔξειν
562 1983 616 2022 ὧν
641 1981 725 2032 μέτ’
753 1984 1062 2034 ἐστρατευόμην.

118 2084 181 2114 945
206 2077 234 2106 δ’
254 2084 422 2113 suprascr.
441 2074 467 2103 L
484 2085 490 2104 :
514 2072 544 2104 τ’
563 2073 588 2103 L
601 2073 627 2103 P
725 2085 788 2114 947
816 2077 902 2117 εἴπερ
920 2075 1078 2106 Musurus
1096 2087 1102 2105 :
1127 2076 1226 2116 ὅσπερ
1246 2074 1271 2104 L
1287 2074 1322 2114 P,
1341 2074 1401 2105 sed

76 2122 162 2149 teste
180 2118 314 2148 Prinzio
329 2118 368 2149 ὅσ
385 2117 419 2147 in
438 2127 500 2148 ras.
520 2117 553 2147 in
572 2117 598 2146 P
743 2118 893 2158 φονεύσει
911 2119 1072 2149 Schaefer
1218 2128 1282 2157 952
1306 2118 1399 2158 μέγα,

76 2161 222 2200 πόλισμα
239 2160 416 2191 Markland
435 2171 441 2190 :
465 2159 568 2198 πόλις,
589 2159 719 2201 ἔρεισμα
736 2160 894 2201 Hartung
1028 2172 1090 2201 954
1115 2161 1207 2193 Φθίας
1225 2160 1258 2193 δὲ
1275 2159 1402 2197 τοῦνομ’

76 2204 199 2244 Jacobs
217 2215 224 2234 ι
250 2204 324 2244 φθία
341 2203 374 2235 δὲ
392 2202 510 2242 τούμόν
526 2202 556 2234 τ’
576 2203 602 2233 L
617 2203 660 2233 P:
686 2204 716 2234 ‘r’
736 2204 800 2236 del.
815 2209 841 2244 p
929 2214 992 2244 955
1020 2205 1181 2247 ἐνάρξεται
1198 2204 1401 2243 Musgrave:

77 2247 224 2288 ἀνάξεται
243 2246 268 2276 L
283 2246 309 2276 P
421 2256 486 2285 959
510 2248 543 2278 οὐ
564 2246 728 2284 Lenting:
752 2249 771 2285 ἢ
795 2252 828 2278 et
844 2247 863 2285 ἦ
883 2248 930 2278 L:
954 2248 973 2285 ἧ
994 2248 1018 2278 Ρ
1127 2248 1239 2289 γάμων
1257 2248 1403 2278 Canter?

76 2290 266 2331 γαμούντων
280 2290 305 2319 L
321 2289 346 2319 P
513 2290 574 2327 961
604 2291 634 2321 ἐς
652 2289 784 2320 delebat
799 2290 960 2330 Hartung
1129 2293 1193 2331 963
1219 2291 1256 2324 δέ
1270 2305 1321 2330 μοι
1340 2291 1365 2321 L
1378 2290 1404 2320 P

77 2335 141 2372 964
162 2335 305 2365 ἐκδοῦναι
325 2332 350 2362 L
363 2331 400 2370 P,
420 2332 480 2363 sed
499 2334 533 2364 ἐκ
552 2332 696 2362 fortasse
715 2335 892 2372 postmodo
910 2335 1051 2366 inseruit
1081 2345 1142 2375 pse
1162 2335 1188 2366 L
1294 2335 1356 2375 965
1374 2334 1403 2365 ἔ-

79 2379 163 2410 δωκα
182 2376 332 2415 Hervag.
350 2376 516 2407 secunda:
542 2376 638 2408 ἔδωκε
657 2375 684 2406 L
697 2375 722 2406 P
852 2376 882 2409 τ’
900 2379 938 2410 ἃν
957 2378 982 2408 L
996 2378 1022 2408 P
