1658 2740
667 91 1014 131 ΕΎΡΙΠΙΔΟΎ

269 192 366 245 πρὸς
393 193 543 246 πατέρα
569 193 637 235 τὸν
663 196 750 235 σόν·
791 195 842 238 ὥς
867 196 961 246 ἐμὸν
987 195 1123 248 κάμνει
1148 198 1254 250 γόνυ,

269 260 418 309 πυκνὴν
445 263 486 301 δὲ
511 262 666 311 βαίνων
691 261 839 312 ἤλυσιν
863 263 978 313 μόλις
1002 268 1121 315 περῶ.

170 328 239 376 Κρ.
267 325 419 377 θάρσει·
461 326 587 369 πέλας
612 327 700 381 γάρ,
730 330 931 381 Τειρεσία,
961 331 1121 382 φίλοισι
1146 334 1234 372 σοῖς
1437 338 1499 377 845

267 391 481 444 ἐξώρμισαι
509 394 583 434 σὸν
607 396 723 436 πόδα·
762 399 896 447 λαβοῦ
921 395 953 436 δ’
978 397 1108 443 αὐτοῦ,
1133 397 1284 438 τέκνον·

266 458 317 501 ὡς
342 459 437 500 πᾶσ’
464 460 593 511 ἀπήνη
621 462 719 504 πούς
746 479 789 503 τε
814 463 1042 514 πρεσβύτου
1068 467 1182 516 φιλεῖ

266 526 398 579 χειρὸς
425 529 584 579 θυραίας
612 528 825 580 ἀναμένειν
851 531 1115 582 κουφίσματα.

164 595 231 632 Τε.
265 592 356 638 εἶὲν,
385 593 604 646 πάρεσμεν·
644 597 683 636 τί
706 613 757 646 με
785 600 918 638 καλεῖς
944 599 1108 654 σπουδῇ,
1137 596 1284 648 Κρέον,·

166 661 237 710 Κρ.
264 659 369 700 οὔπω
395 659 630 711 λελήσμεθ’·
671 663 780 702 ἀλλὰ
806 662 1001 713 σύλλεξαι
1026 663 1168 704 σθένος
1434 671 1498 708 850

266 727 328 766 καὶ
352 726 490 777 πνεῦμ’
517 727 720 779 ἄθροισον,
751 728 866 770 αἶπος
892 730 1076 780 ἐκβαλὼν
1103 730 1205 769 ὁδοῦ.

162 795 230 832 Τε.
263 792 367 847 κόπῳ
393 797 579 845 παρεῖμαι
606 798 702 846 γοῦν
731 794 994 848 Ἐρεχθειδῶν
1018 795 1096 837 ἄπο

263 859 362 911 δεῦρ’
390 861 640 911 ἐκκομισθεὶς
667 863 737 911 τῆς
766 861 952 914 πάροιθεν
978 861 1137 915 ἡμέρας·

264 927 375 967 κάκεῖ
398 929 472 979 γὰρ
500 926 545 978 ἦν
573 945 631 970 τις
659 928 834 979 πόλεμος
862 929 1076 980 Εὐμόλπου
1100 931 1225 983 δορός,

261 993 306 1033 οῦ
333 994 584 1036 καλλινίκους
616 996 862 1047 Κεκροπίδας
888 996 993 1046 ἔθηκ’
1021 997 1110 1049 ἐγώ·
1434 1003 1495 1042 855

262 1060 324 1100 καὶ
350 1061 462 1101 τόνδε
487 1065 665 1115 χρυσοῦν
696 1062 912 1114 στέφανον,
940 1063 990 1105 ὡς
1015 1064 1117 1117 ὁρᾷς,
1146 1065 1224 1118 ἔχω

259 1129 401 1177 λαβὼν
427 1129 610 1182 ἀπαρχὰς
640 1130 845 1180 πολεμίων
872 1129 1165 1181 σκυλευμάτων.

161 1195 231 1245 Κρ.
258 1194 397 1235 οἰωνὸν
423 1194 566 1246 ἐθέμην
595 1197 810 1236 καλλίνικα
839 1199 891 1236 σα
918 1197 1062 1249 στέφη·

258 1262 300 1301 ἐν
326 1264 401 1313 γὰρ
429 1262 598 1302 κλύδωνι
627 1263 789 1313 κείμεθ’,
818 1264 953 1315 ὥσπερ
981 1263 1099 1304 οἶσθα
1126 1265 1189 1311 σύ,

257 1327 369 1379 δορὸς
396 1331 618 1375 Δαναϊδῶν,
648 1329 711 1369 καὶ
739 1329 863 1381 μέγας
891 1329 1051 1380 Θήβαις
1077 1332 1196 1383 ἀγών.
1433 1335 1495 1367 860

254 1395 451 1444 βασιλεὺς
475 1397 548 1446 μὲν
577 1396 644 1435 οῦν
671 1395 831 1446 βέβηκε
859 1398 1070 1447 κοσμηθεὶς
1095 1399 1236 1440 ὅπλοις

254 1460 327 1511 ἤδη
353 1461 448 1514 πρὸς
474 1462 601 1512 ἀλκὴν
630 1462 848 1513 Ἐτεοκλῆς
876 1465 1096 1514 Μυκηνίδα·

256 1528 341 1578 ἐμοὶ
366 1527 398 1568 δ’
425 1527 640 1568 ἐπέσταλκ’
673 1530 858 1580 ἐκμαθεῖν
887 1529 1005 1570 σέθεν
1032 1530 1149 1583 πάρα,

254 1595 294 1634 τί
315 1597 480 1646 δρῶντες
506 1595 554 1635 ἂν
579 1595 756 1646 μάλιστα
788 1597 994 1647 σώσαιμεν
1020 1598 1151 1638 πόλιν.

153 1664 220 1701 Τε.
251 1660 508 1704 Ἐτεοκλέους
533 1665 605 1712 μὲν
632 1663 757 1703 οὕνεκ’
790 1662 837 1703 ἂν
864 1661 1017 1719 κλῄσας
1043 1666 1173 1715 στόμα
1429 1668 1490 1708 865

252 1729 456 1781 χρησμοὺς
481 1728 672 1783 ἐπέσχον·
719 1730 784 1770 σοὶ
811 1729 858 1776 δ’,
888 1731 973 1770 ἐπεὶ
999 1728 1151 1788 χρῄζεις
1176 1733 1328 1782 μαθεῖν,

251 1794 368 1845 λέξω.
440 1800 555 1836 νοσεῖ
580 1798 655 1848 γὰρ
682 1797 751 1847 ἥδε
778 1799 828 1849 γῆ
857 1796 994 1844 πάλαι,
1024 1798 1164 1849 Κρέον,

196 1889 259 1927 843
284 1890 341 1920 τὸν
358 1899 421 1919 om.
441 1889 467 1919 L
562 1889 674 1928 κάμνοι
694 1890 782 1921 MP:
812 1901 898 1922 corr.
928 1890 967 1921 Ρ’2
1057 1892 1122 1929 846
1147 1892 1313 1931 ἐξώρμισαι
1332 1890 1358 1920 L
1375 1901 1382 1920 Ζ
1407 1889 1489 1930 ἐξόρ-

151 1945 239 1971 μισαι
256 1932 287 1962 Α
300 1933 348 1964 V:
376 1934 537 1973 ἐξορμίσαι
561 1933 592 1963 Μ
607 1934 633 1963 Β
649 1934 674 1964 Ρ
694 1945 733 1964 v:
760 1934 800 1965 cf.
824 1939 847 1967 Σ
866 1935 935 1966 ἀντὶ
953 1937 1010 1966 τοῦ
1030 1936 1208 1975 ἐξώρμισαι,
1234 1935 1271 1965 τὸ
1296 1938 1311 1964 ὀ
1337 1934 1407 1965 ἀντὶ
1431 1936 1489 1965 τοῦ

151 1981 182 2011 ὢ,
204 1975 420 2013 ἐκβέβληκας·
446 1977 464 2015 ἢ
493 1976 660 2017 ἐξόρμισον
681 1981 924 2018 προστακτικῶς
942 1979 1010 2009 ἀντὶ
1029 1981 1087 2009 τοῦ
1105 1981 1248 2016 στῆσονῑ
1276 1975 1344 2008 ἔσθ’
1361 1976 1488 2017 ὁρμίσαι

153 2019 293 2050 ΚνίἔεὶΙῑι
438 2021 500 2059 847
527 2020 603 2052 πᾶσ’
624 2022 729 2059 ἀπήνη
748 2022 849 2051 etiam
867 2026 890 2054 Σ
906 2032 913 2051 :
939 2023 1035 2053 στῖισ’
1054 2022 1158 2059 ἀπήνη
1179 2021 1320 2051 Munro:
1350 2023 1424 2052 παῖς
1441 2019 1488 2050 ἔτ’

152 2063 256 2100 ἆπτὴν
276 2063 451 2094 Hermann
577 2066 642 2104 849
666 2071 716 2096 Τε.
741 2070 854 2094 notam
872 2075 936 2094 om.
956 2064 987 2094 A
1114 2067 1235 2106 σπουδῇ
1253 2074 1318 2094 om.
1336 2062 1368 2093 A
1382 2063 1428 2092 L:
1455 2065 1489 2094 ἐν

152 2109 272 2148 σπουδῇ
293 2107 325 2137 H
450 2108 514 2147 850
542 2108 700 2148 σύλλεξον
720 2108 745 2138 Ρ
856 2109 915 2147 851
944 2109 1033 2140 αἶπος
1049 2107 1080 2137 V
1092 2108 1140 2138 ΜΞ
1153 2112 1258 2148 γρ.Σ;
1285 2107 1362 2139 ἆπος
1381 2107 1438 2136 Bv
1455 2112 1488 2137 et

151 2149 304 2188 primitus
319 2151 351 2180 M
371 2162 377 2181 z
395 2152 494 2184 κᾶπος
515 2152 540 2181 L
559 2163 565 2181 ε
590 2151 689 2184 min-05
706 2152 736 2181 Α
753 2163 758 2182 ;
785 2154 884 2183 κᾶπος
906 2151 967 2184 ΡΣ
986 2152 1064 2192 (vid.
1086 2150 1333 2182 Schwartzium
1345 2150 1386 2180 ad
1403 2149 1486 2190 loc.)

151 2194 212 2231 852
237 2197 385 2234 παρεῖμαι
403 2208 456 2235 γρ.
476 2200 500 2228 Σ
517 2195 542 2225 Β
555 2199 578 2228 Σ
593 2195 624 2224 Μ
639 2206 645 2225 :
672 2195 796 2235 πάρειμι
815 2195 912 2225 codd.
1023 2194 1119 2236 γοῦν]
1136 2208 1188 2235 γρ.
1204 2209 1221 2225 υ
1240 2194 1284 2233 Μ,
1301 2193 1333 2225 h.
1353 2203 1380 2224 e.
1399 2191 1465 2233 va'
1481 2204 1488 2223 :

151 2242 206 2266 aut
225 2238 287 2266 hoc
305 2243 362 2267 aut
380 2238 469 2278 'yosm'
491 2242 524 2278 Σ,
545 2238 601 2277 qui
618 2240 658 2269 τὰ
674 2238 798 2278 ’γόνατα
815 2238 925 2268 reddit
1054 2240 1116 2276 864
1141 2237 1301 2278 μάλιστα]
1319 2236 1486 2269 κάλλιστα

151 2279 182 2309 Α
199 2280 227 2310 l:
255 2285 436 2319 utrumque
467 2281 497 2311 V
641 2282 704 2320 865
729 2283 767 2313 ἂν
794 2291 858 2312 om.
890 2281 916 2311 B
1050 2283 1114 2311 866
1138 2283 1186 2313 σοὶ
1214 2280 1308 2315 ME:
1343 2281 1382 2312 σὺ
1412 2279 1481 2310 rell.

151 2324 212 2361 867
239 2324 338 2355 πάλαι
355 2327 398 2365 ’γῆ
421 2324 445 2353 L
