1658 2740
655 101 1000 138 ΕΥΡΙΠΙΔΟΥ

262 205 374 246 οὗτος
400 207 526 245 θεοῖσι
554 203 766 245 σπένδεται
792 207 879 246 θεὸς
904 204 1043 257 γεγώς,

262 272 367 311 ὥστε
392 272 455 311 διὰ
478 275 619 311 τοῦτον
645 270 784 323 τάγάθ’
811 270 1038 322 ἀνθρώπους
1063 270 1184 324 ἔχειν.
1426 278 1486 316 285

330 337 392 377 καὶ
418 343 638 393 καταγελᾷς
664 355 737 384 νιν,
768 337 818 380 ὡς
844 337 1039 390 ἐνερράφη
1067 337 1164 380 Διὸς

220 420 223 451 ε
262 407 390 457 μηρῷ;
429 402 572 454 διδάξω
599 403 637 443 σ’
665 405 715 447 ὡς
743 408 872 446 καλῶς
897 404 981 457 ἔχει
1004 405 1106 445 τόδε.

220 468 222 470 ’
265 470 353 511 ἐπεί
375 487 436 511 νιν
459 471 607 523 ἥρπασ’
635 472 676 511 ἐκ
703 470 824 524 πυρὸς
849 472 1049 523 κεραυνίου

230 587 233 589 Α
264 537 374 583 Ζεύς,
402 538 441 579 ἐς
466 537 498 577 δ’
517 537 730 588 Ὄλυμπον
756 538 913 591 βρέφος
938 537 1137 590 ἀνήγαγεν
1162 537 1264 582 θεόν,

208 629 233 644 2-
256 602 367 655 ξἩρα
392 621 452 644 νιν
476 603 586 654 ἤθελ’
613 605 804 655 ἐκβαλεῖν
831 604 896 645 ἀπ’
923 604 1099 657 οὐρανοῦ·
1426 617 1489 647 290

230 713 234 717 ,
265 670 363 711 Ζεὺς
388 670 420 710 δ’
446 670 792 723 ἀντεμηχανήσαθ’
818 672 881 711 οἶα
905 671 951 721 δὴ
977 671 1077 712 θεός.

262 735 383 787 ῥήξας
406 736 524 789 μέρος
548 753 585 777 τι
610 740 679 777 τοῦ
705 736 816 790 χθόν’
844 736 1155 789 ἐγκυκλουμένου

230 810 235 854 ξ
264 803 430 855 αἰθέρος,
458 803 573 854 ἔθηκε
598 803 703 844 τόνδ’
728 805 874 855 ὅμηρον
900 804 1086 850 ἐκδιδούς,

230 860 235 873 ι

236 930 246 991 ’ᾗ
266 937 466 977 Διόνυσον
484 936 617 989 “Ηρας
644 937 816 978 νεικέων·
854 938 983 992 χρόνῳ
1009 936 1052 977 δέ
1077 953 1137 977 νιν

238 1002 404 1055 ἰβροτοὶ
428 1004 607 1056 ῥαφῆναί
631 1010 758 1056 φασιν
784 1005 826 1044 ἐν
851 1007 958 1058 μηρῷ
985 1004 1095 1050 Διός,
1431 1015 1492 1047 295

237 1058 243 1114 ἒ
264 1072 389 1121 ὄνομα
412 1070 751 1122 μεταστήσαντες,
780 1070 841 1110 ὅτι
866 1073 935 1125 θεᾷ
961 1070 1048 1112 θεὸς

238 1115 371 1196 ΫΗρα
396 1137 482 1177 ποθ’
509 1136 727 1189 ὡμήρευσε,
757 1137 967 1179 συνθέντες
992 1138 1129 1189 λόγον.

332 1202 471 1254 μάντις
495 1203 528 1244 δ’
554 1204 574 1243 ὁ
600 1205 750 1255 δαίμων
776 1205 854 1245 ὅδε·
891 1203 937 1243 τὸ
962 1205 1036 1256 γὰρ
1060 1203 1338 1256 βακχεύσιμον

268 1272 330 1311 καὶ
354 1270 399 1311 τὸ
422 1274 615 1321 μανιῶδες
641 1270 833 1322 μαντικὴν
859 1270 1014 1320 πολλὴν
1040 1270 1137 1323 ἔχει·

266 1338 362 1377 ὅταν
387 1339 462 1389 γὰρ
487 1337 507 1376 ὁ
533 1337 620 1379 θεὸς
646 1338 686 1379 ἐς
711 1337 756 1377 τὸ
783 1336 883 1388 σῶμ’
909 1337 1007 1392 ἔλθῃ
1032 1337 1168 1381 πολύς,
1433 1346 1495 1377 300

266 1400 403 1456 λέγειν
427 1404 473 1444 τὸ
497 1403 650 1455 μέλλον
675 1404 764 1445 τοὺς
789 1404 1012 1455 μεμηνότας
1038 1407 1154 1443 ποιεῖ·

261 1469 414 1522 ’Ἄρεώς
438 1488 480 1511 τε
505 1475 645 1523 μοῖραν
670 1470 912 1521 μεταλαβὼν
938 1470 1022 1523 ἔχει
1045 1469 1146 1510 τινά·

271 1537 440 1589 στρατὸν
465 1539 538 1590 γὰρ
566 1539 608 1577 ἐν
633 1538 773 1580 ὅπλοις
800 1538 896 1577 ὄντα
921 1536 1013 1577 κάπὶ
1037 1535 1199 1587 τάξεσιν

271 1605 402 1655 φόβος
426 1604 637 1654 διεπτόησε
663 1605 755 1655 πρὶν
780 1604 935 1656 λόγχης
961 1606 1097 1655 θιγεῖν.

268 1672 389 1721 μανία
413 1672 453 1711 δὲ
481 1670 542 1711 καὶ
566 1670 668 1711 τοῦτ’
695 1670 784 1711 ἐστὶ
811 1670 1011 1710 Διονύσου
1036 1668 1153 1722 πάρα.
1434 1678 1496 1710 305

270 1737 324 1778 ἔτ’
349 1737 467 1778 αὐτὸν
491 1739 576 1793 ὄψῃ
603 1737 696 1777 κάπὶ
724 1737 929 1789 Δελφίσιν
954 1735 1114 1788 πέτραις

271 1807 455 1855 πηδῶντα
480 1804 554 1845 σὺν
580 1803 765 1845 πεύκαισι
789 1802 1169 1863 δικόρῃυρςρονμπλάκα,

271 1871 480 1912 πάλλοντα
505 1872 567 1912 καὶ
593 1872 754 1912 σείοντα
781 1874 975 1924 βακχεῖον
1002 1870 1158 1917 κλάδον,

215 1965 365 2004 286ss297
389 1965 538 2004 suspecti
557 1965 732 1996 Boeckhio
931 1965 994 2003 289
1019 1962 1105 2003 θεόν]
1124 1962 1195 1995 νέον
1218 1961 1396 1992 Musurus:
1420 1963 1498 1992 θεῶν

174 2008 303 2039 Mekler
456 2013 532 2047 post
550 2018 612 2048 293
638 2009 791 2040 lacunam
810 2008 950 2039 indicavi
966 2019 973 2038 ι
997 2017 1050 2037 ex,
1069 2017 1117 2045 gr.
1139 2006 1236 2038 αὐτὸν
1252 2004 1287 2037 δὲ
1305 2005 1375 2036 δοὺς
1394 2004 1498 2044 ἔσῳσε

172 2052 323 2084 Νυσαίαις
337 2051 442 2093 κόραις
460 2051 511 2082 vel
530 2054 627 2084 αὐτὸν
641 2052 667 2084 δ’
687 2053 800 2094 ὀρείαις
819 2053 889 2084 δοὺς
908 2054 989 2083 θεαῖς
1015 2050 1169 2092 ἐρρύσατο
1185 2061 1191 2079 :
1216 2048 1257 2079 cs.
1276 2047 1431 2087 Apollod.
1451 2047 1495 2077 iii.

171 2106 200 2132 4.
216 2106 235 2134 3
251 2106 258 2125 ι
283 2095 404 2125 mavult
419 2095 644 2126 Wilamowitz
658 2096 762 2128 ἔσωσε
778 2106 837 2135 pro
850 2096 953 2133 ἔθηκε,
970 2094 1060 2124 nulla
1073 2093 1192 2124 lacuna
1282 2100 1345 2130 295
1362 2092 1498 2132 ῥαφῆναι

175 2138 329 2171 Pierson:
355 2141 511 2181 τραφῆναι
531 2140 556 2169 L
573 2140 598 2169 P
690 2142 724 2171 ἐκ
742 2137 801 2178 [iffi
817 2138 881 2170 διός
898 2138 923 2167 Ρ
1011 2147 1074 2176 304
1101 2137 1201 2177 θίγειν
1219 2135 1244 2165 L
1260 2135 1285 2164 P
1375 2135 1440 2173 306
1465 2135 1499 2165 ἐν

173 2185 300 2222 δελφοῑς
317 2188 394 2213 ante
419 2184 464 2214 ἔτ’
483 2183 583 2213 habet
603 2183 638 2217 L,
661 2183 813 2212 nimIrum
831 2181 947 2212 scholii
968 2181 1110 2219 vestigia
1296 2177 1427 2218 δελφίσι
1448 2175 1498 2207 L:

173 2228 342 2266 δελφοῖσιν
360 2226 385 2256 Ρ
492 2225 620 2267 πέτραις
639 2227 670 2256 in
688 2226 713 2256 L
727 2226 827 2256 erasit
845 2230 979 2264 praeter
993 2238 1016 2255 π
1033 2229 1066 2254 et
1084 2237 1100 2255 ν
1116 2222 1261 2262 scripsit,
1281 2225 1352 2251 tum
1369 2219 1498 2262 πέτραις

174 2269 205 2298 in
226 2279 328 2310 marg.
349 2271 521 2310 rescripsit
538 2270 674 2309 antiqua
692 2279 810 2300 manus
827 2268 911 2299 alias
927 2278 992 2299 non
1010 2267 1108 2298 obvia
1123 2278 1130 2298 ε
1159 2266 1279 2306 primo,
1299 2270 1335 2295 ut
1351 2264 1495 2299 videtur,

174 2317 301 2343 textum
333 2314 501 2352 corrigere
528 2313 645 2353 voluit,
677 2318 745 2343 tum
777 2323 815 2343 se
843 2321 955 2343 errare
973 2311 1057 2342 vidit
1215 2318 1277 2350 307
1302 2307 1447 2342 πεύκαισι
1472 2305 1498 2338 Ρ

173 2356 236 2393 308
261 2357 431 2388 πάλλοντα
449 2357 630 2388 Matthiae:
658 2356 829 2393 βάλλοντα
847 2355 872 2385 L
885 2355 910 2386 P
