1658 2740
636 130 981 166 ΕΥΡΙΠΙΔΟΥ

243 237 470 285 λουτροῖσιν
498 233 650 286 ἀλόχου
677 234 904 284 περιπεσὼν
929 232 1205 275 πανυστάτοις.

312 299 486 350 δακρύων
512 299 546 339 δ’
574 300 752 350 ἔπλησεν
779 299 849 349 ἐμέ
874 316 915 339 τε
943 301 1004 339 καὶ
1031 301 1172 342 ναύτας
1198 302 1314 352 ἐμοὺς

242 369 416 406 πολλῶν.
488 366 573 406 ἐπεὶ
600 368 641 406 δὲ
668 366 879 407 ΊΝαυπλίας
903 366 1020 418 ψαύω
1044 367 1202 419 χθονός,

239 431 310 483 ἤδη
338 430 530 484 δάμαρτος
560 431 689 473 ἐνθάδ’
717 432 1000 484 ἐξορμωμένης,
1407 445 1469 476 370

241 501 365 538 δοκῶν
392 498 591 551 Ὀρέστην
619 502 739 539 παῖδα
764 499 832 540 τὸν
862 498 1157 551 Ἀγαμέμνονος

241 567 404 617 φίλαισι
429 566 547 619 χερσὶ
577 570 814 618 περιβαλεῖν
841 566 904 605 καὶ
928 566 1088 617 μητέρα,

240 631 291 673 ὡς
317 631 587 685 εὐτυχοῦντας,
620 633 761 672 ἔκλυον
789 633 990 672 ἁλιτύπων
1015 631 1119 673 τινὸς

239 700 307 749 τῆς
332 700 572 750 Τυνδαρείας
599 698 738 741 παιδὸς
765 699 930 739 ἀνόσιον
955 700 1093 751 φόνον.

307 766 369 805 καὶ
395 769 462 806 νῦν
488 766 588 805 ὅπου
614 765 717 806 ’στὶν
747 765 885 811 εἴπατ’,
913 763 942 805 ὦ
968 764 1154 810 νεάνιδες,
1405 777 1467 810 375

241 831 534 884 Ἀγαμέμνονος
560 836 664 878 παῖς,
696 831 738 873 ὃς
765 834 813 871 τέι
839 831 932 872 δείν’
959 832 1052 883 ἔτλη
1080 828 1191 871 κακά.

236 898 391 951 βρέφος
416 901 491 951 γὰρ
518 897 565 949 ἣν
592 898 674 938 τότ’
703 900 743 938 ἐν
771 897 1102 951 Κλυταιμήστρας
1127 901 1274 952 χεροῖν,

234 965 290 1005 ὅτ’
317 965 519 1016 ἐξέλειπον
545 965 747 1018 μέλαθρον
773 967 812 1007 ἐς
837 966 985 1017 Τροίαν
1012 966 1093 1011 ἰών,

237 1033 333 1072 ὥστ’
359 1033 426 1073 οὐκ
452 1033 499 1073 ἂν
526 1032 644 1073 αὐτὸν
674 1031 910 1085 γνωρίσαιμ’
936 1031 984 1072 ἂν
1010 1032 1181 1072 εἰσιδών.

135 1103 206 1152 Ορ.
229 1099 284 1139 ὅδ’
311 1099 384 1151 εἴμ’
409 1099 618 1152 Ὀρέστης,
652 1098 881 1145 Μενέλεως,
909 1098 954 1139 ὃν
980 1101 1164 1152 ἱστορεῖς.
1406 1104 1469 1143 380

238 1167 336 1207 ἑκὼν
361 1167 437 1219 ἐγώ
465 1183 530 1207 σοι
555 1167 659 1217 τάμὰ
688 1166 852 1217 μηνύσω
881 1163 990 1206 κακά.

236 1237 314 1274 τῶν
339 1237 422 1274 σῶν
447 1236 488 1274 δὲ
516 1231 700 1285 γονάτων
728 1233 953 1284 πρωτόλεια
979 1231 1154 1284 θιγγάνω

238 1300 377 1351 ἱκέτης,
406 1300 590 1353 ἀφύλλου
618 1300 820 1350 στόματος
847 1297 1026 1350 ἐξάπτων
1051 1297 1176 1340 λιτάς·

237 1367 369 1422 σῷσόν
393 1366 446 1418 μ’·
485 1366 627 1418 ἀφῖξαι
655 1366 688 1406 δ’
720 1365 835 1408 αὐτὸς
860 1367 900 1408 ἐς
927 1368 1061 1418 καιρὸν
1087 1369 1226 1406 κακῶν.

136 1437 211 1475 Me.
239 1432 268 1473 ὦ
294 1435 389 1481 θεοί,
416 1435 457 1474 τί
478 1434 662 1481 λεύσσω;
718 1434 806 1473 τίνα
831 1432 994 1484 δέδορκα
1019 1431 1227 1484 νερτέρων;
1406 1437 1467 1477 385

134 1504 206 1553 Ορ.
235 1501 275 1541 εὖ
302 1500 338 1553 γ’
366 1500 490 1543 εἶπας·
526 1500 570 1540 οὐ
595 1501 670 1552 γὰρ
699 1500 748 1550 ζῶ
780 1502 922 1545 κακοῖς,
951 1497 1054 1552 φάος
1079 1498 1111 1539 δ’
1137 1500 1226 1551 ὁρῶ.

136 1571 211 1608 Me.
239 1567 290 1609 ὡς
315 1567 509 1620 ἠγρίωσαι
535 1567 743 1617 πλόκαμον
775 1565 988 1619 αὐχμηρόν,
1019 1564 1155 1608 τάλας.

136 1637 206 1687 Ορ.
232 1634 306 1688 οὐχ
331 1635 353 1685 ἡ
380 1634 582 1686 πρόσοψίς
607 1633 662 1685 μ’,
694 1634 801 1674 ἀλλὰ
826 1632 937 1686 τᾶργ’
964 1633 1161 1683 αἰκίζεται.

136 1705 211 1742 Me.
240 1701 367 1742 δεινὸν
392 1703 433 1742 δὲ
458 1701 648 1742 λεύσσεις
679 1698 863 1751 ὀμμάτων
892 1697 1028 1752 ξηραῖς
1054 1700 1198 1751 κόραις.

135 1771 208 1820 Ορ.
236 1768 279 1808 τὸ
306 1771 420 1819 σῶμα
446 1769 630 1820 φροῦδον·
680 1767 724 1807 τὸ
754 1766 785 1807 δ’
811 1766 920 1818 ὄνομ’
949 1767 993 1807 οὐ
1017 1766 1184 1807 λέλοιπέ
1209 1782 1286 1817 μοι.
1407 1778 1470 1812 390

136 1838 212 1876 Με.
241 1833 270 1874 ὦ
296 1836 400 1886 παρὰ
424 1835 548 1887 λόγον
573 1851 639 1885 μοι
669 1833 719 1884 σὴ
751 1833 911 1886 φανεῖσ’
938 1835 1126 1886 ἀμορφία.

178 1929 241 1968 367
267 1927 478 1970 ἀρκυστάτοις
498 1927 617 1958 Nauck
768 1928 832 1966 368
857 1941 892 1959 τε
909 1937 973 1958 om.
993 1926 1025 1956 A
1156 1936 1221 1966 370
1245 1925 1470 1968 ἐξορμωμένοις

136 1972 290 2012 primitus
323 1972 356 2002 M
499 1981 563 2010 372
601 1973 791 2013 περιλαβεῖν
826 1971 874 2001 L:
911 1971 952 2002 cf.
985 1975 1009 2004 Σ
1029 1969 1060 2000 Μ
1093 1971 1163 2002 ἀντὶ
1195 1971 1252 2002 τοῦ
1282 1972 1470 2012 περιλαβεῖν

136 2025 197 2054 373
223 2015 407 2048 ἁλικτύπων
425 2015 521 2046 codd.
543 2019 576 2045 et
597 2015 665 2049 ΣΜ
688 2015 751 2049 ΣΒ
769 2025 775 2044 :
801 2024 887 2045 corr.
908 2014 1089 2053 Byzantini
1256 2023 1319 2053 374
1343 2013 1468 2053 παιδὸς]

136 2060 291 2100 θυγατρὸς
315 2059 345 2088 V
370 2063 403 2089 et
436 2072 487 2100 γρ.
518 2057 551 2088 Μ
743 2058 808 2098 378
842 2057 988 2098 ἐξέλιπον
1012 2057 1135 2089 codd.:
1169 2066 1254 2088 corr.
1288 2056 1471 2095 Byzantini

137 2104 200 2141 380
223 2104 268 2135 ὅδ’
284 2101 403 2133 LPA²
414 2102 510 2133 B²vz
532 2101 585 2134 ὧδ’
600 2102 632 2132 Μ
645 2101 779 2143 ΑΒγρ.
797 2101 823 2131 Ρ
838 2101 905 2140 (ὧδ’
919 2101 964 2141 V)
1069 2102 1130 2140 381
1151 2100 1281 2140 μηνύσω
1297 2099 1329 2130 Μ
1344 2099 1372 2130 Β
1386 2100 1468 2132 LP:

138 2150 268 2185 σημανῶ
285 2146 315 2176 Α
326 2146 374 2176 V:
401 2146 510 2185 μηνύω
528 2145 708 2176 Wecklein
827 2146 890 2184 383
917 2144 1064 2186 ἀφύλλου
1080 2144 1176 2175 codd.
1195 2149 1228 2175 et
1244 2149 1281 2174 ut
1297 2143 1430 2174 videtur
1445 2148 1469 2177 Σ

138 2196 170 2220 et
193 2190 345 2229 Hesych.
368 2189 534 2231 (ἀφύλλου
560 2189 737 2229 στόματος·
769 2188 937 2229 Εὐριπίδης
962 2187 1141 2230 Ὀρέσηὴε
1170 2187 1335 2229 ἆφύλλους
1356 2187 1422 2220 2V
1437 2191 1469 2218 et

138 2234 216 2264 inde
229 2245 248 2264 v
336 2233 400 2272 384
427 2234 520 2266 αὐτὸς
536 2233 562 2273 (‘
578 2233 651 2272 ipse
669 2242 770 2271 quem
788 2232 999 2271 speravimus
1011 2232 1033 2259 ἰ
1050 2232 1145 2262 codd.
1163 2242 1169 2262 :
1195 2232 1290 2263 αὐτὸν
1307 2230 1469 2261 Schaeser

138 2277 201 2315 389
225 2276 328 2308 δεινόν
346 2290 382 2308 τε
404 2276 429 2306 L
585 2287 651 2315 390
676 2275 851 2308 ἐλλέλοιπε
872 2274 1052 2305 Wecklein
1069 2286 1075 2305 :
1099 2275 1139 2306 cf.
1159 2279 1182 2308 Σ
1201 2276 1245 2307 εἰς
1261 2274 1360 2314 ὄνομα
1374 2273 1462 2314 μόνοι

140 2321 285 2351 λείπεται
303 2321 343 2351 τὰ
362 2319 421 2358 ε’μά
523 2333 573 2358 μοι
594 2320 625 2349 Μ
640 2320 669 2349 V
684 2331 690 2349 e
714 2333 753 2358 με
770 2318 842 2349 rell.
996 2328 1055 2357 391
1083 2318 1268 2359 παράλογον
1285 2317 1355 2348 fere
1372 2317 1460 2348 codd

141 2366 180 2404 σῇ
200 2363 231 2392 Μ
247 2363 291 2392 13:
321 2373 403 2392 corr.
425 2361 469 2392 13²
