1658 2740
675 134 1025 172 ΕΥΡΙΠΙΔΟΥ

261 238 337 277 αἰεὶ
364 239 438 289 γὰρ
466 238 521 279 εἷς
548 237 684 288 ἔμελλ’
713 236 921 288 ἐνέξεσθαι
947 239 1074 293 φόνῳ,

259 303 302 343 τὸ
327 305 512 344 λοίσθιον
537 305 694 355 μίασμα
719 303 941 355 λαμβάνων
967 309 1116 359 χεροῖν.

325 371 404 422 ἐγὼ
429 372 472 411 δὲ
497 375 602 421 μισῶ
629 373 701 421 μὲν
727 375 915 423 γυναῖκας
939 373 1138 418 ἀνοσίους,

257 437 413 487 πρώτην
439 439 482 478 δὲ
508 438 705 489 θυγατέρ’,
733 436 756 487 ἣ
784 438 906 478 πόσιν
935 438 1182 479 κατέκτανεν·

256 502 429 553 “Ελένην
454 521 509 550 τε,
538 504 609 554 τὴν
639 504 715 554 σὴν
741 504 907 558 ἄλοχον,
936 504 1069 545 οὔποτ’
1095 505 1243 545 αἰνέσω
1428 521 1492 551 520

257 569 337 609 οὐδ’
363 569 411 610 ἂν
439 570 709 622 προσείποιμ’·
749 571 836 611 οὐδὲ
863 573 911 612 σὲ
939 572 1055 622 ζηλῶ,
1084 575 1202 622 κακῆς

258 636 440 688 γυναικὸς
466 637 626 677 ἐλθόνθ’
655 637 783 678 οὕνεκ’
809 639 850 679 ἐς
874 640 1021 691 Τροίας
1046 638 1178 679 πέδον.

254 703 385 753 ἀμυνῶ
411 703 455 749 δ’,
485 704 662 755 ὅσονπερ
690 705 854 746 δυνατός
879 706 970 755 εἰμι,
997 706 1051 760 τῷ
1077 706 1194 759 νόμῳ,

256 769 300 809 τὸ
326 772 515 822 θηριῶδες
541 774 661 810 τοῦτο
690 771 752 811 καὶ
777 772 992 822 μιαιφόνον

255 836 401 882 παύων,
430 835 449 876 ὃ
479 838 542 877 καὶ
569 839 646 888 γῆν
674 838 737 878 καὶ
762 838 901 879 πόλεις
926 836 1069 878 ὅλλυσ’
1095 838 1169 878 ἀεί.
1429 852 1492 882 525

319 903 404 944 ἐπεὶ
430 903 504 944 τίν’
534 902 655 958 εἶχες.
683 902 712 944 ὦ
738 903 875 950 τάλας,
902 904 1041 958 ψυχὴν
1065 905 1167 950 τότε,

251 969 308 1010 ὅτ’
335 969 538 1020 ἐξέβαλλε
564 971 722 1021 μαστὸν
749 970 978 1011 ἱκετεύουσά
1004 989 1051 1012 σε

251 1036 396 1088 μήτηρ;
432 1038 512 1089 ἐγὼ
538 1040 609 1087 μὲν
637 1037 705 1078 οὐκ
734 1038 827 1078 ἰδὼν
853 1038 965 1079 τάκεῖ
989 1038 1098 1084 κακά,

253 1103 434 1156 δακρύοις
461 1103 615 1155 γέροντ’
643 1104 856 1157 ὀφθαλμὸν
883 1104 1031 1155 ἐκτήκω
1055 1105 1194 1149 τάλας.

253 1170 295 1210 ἓν
320 1168 390 1222 (δ’)
418 1171 485 1211 οὖν
512 1171 677 1223 λόγοισι
704 1175 788 1214 τοῖς
813 1172 921 1222 ἐμοῖς
929 1173 1173 1231 ἑμέφρροθεῖ·-
1430 1185 1493 1217 530

249 1243 348 1294 μισῇ
372 1255 417 1290 γε
444 1238 541 1289 πρὸς
569 1241 670 1279 θεῶν
698 1239 761 1278 καὶ
785 1238 905 1280 τίνεις
929 1239 1075 1291 μητρὸς
1100 1240 1220 1286 δίκας,

252 1304 410 1355 μανίαις
436 1305 615 1345 ἀλαίνων
644 1306 706 1346 καὶ
733 1306 890 1357 φόβοις.
966 1308 1005 1346 τί
1026 1306 1232 1359 μαρτύρων

255 1370 391 1411 ἄλλων
418 1372 576 1412 ἀκούειν
606 1374 666 1412 δεῖ
688 1371 743 1422 μ’,
770 1371 795 1412 ἃ
820 1372 856 1425 γ’
884 1373 1045 1424 εἰσορᾶν
1071 1372 1195 1425 πάρα,·

321 1438 371 1479 ὡς
397 1438 465 1478 οὗν
492 1438 540 1479 ἂν
569 1439 688 1494 εἰδῇς,
719 1438 945 1485 Μενέλεως,
973 1443 1104 1480 τοῖσιν
1129 1442 1234 1481 θεοῖς

252 1504 304 1555 μὴ
331 1504 484 1557 πρᾶσσ’
513 1504 679 1551 ἐναντί’,
710 1505 886 1557 ὠφελεῖν
910 1508 1048 1546 τοῦτον
1075 1505 1217 1552 θέλων,
1427 1519 1490 1551 535

253 1572 299 1612 ἔα
324 1571 357 1611 δ’
382 1571 445 1612 ὑπ’
472 1573 609 1612 ἀστῶν
640 1575 984 1623 καταφονευθῆναι
1008 1572 1178 1624 πέτροις,

254 1634 276 1688 ἢ
301 1638 353 1689 μὴ
381 1638 559 1689 ’πίβαινε
589 1638 878 1690 Σπαρτιάτιδος
903 1639 1059 1692 χθονός.

254 1703 426 1757 θυγάτηρ
453 1704 486 1745 δ’
516 1705 588 1756 ἐμὴ
617 1705 780 1746 θανοῦσ’
808 1705 977 1758 ἔπραξεν
1002 1705 1146 1746 ἔνδικα·

252 1771 344 1812 ἀλλ’
368 1772 459 1825 οὐχὶ
488 1772 584 1823 πρὸς
610 1771 714 1812 τοῦδ’
745 1771 848 1814 εἰκὸς
874 1771 921 1822 ἦν
946 1772 1067 1822 αὐτὴν
1092 1775 1238 1813 θανεῖν.

255 1839 332 1890 ἐγὼ
357 1842 399 1880 δὲ
425 1838 555 1879 τᾶλλα
583 1839 775 1891 μακάριος
802 1838 946 1891 πέφυκ’
972 1838 1082 1891 ἀνήρ,
1425 1853 1492 1883 540

254 1905 357 1956 πλὴν
384 1908 423 1948 ἐς
449 1905 679 1959 θυγατέρας·
722 1909 836 1946 τοῦτο
864 1906 896 1946 δ’
924 1905 991 1946 οὐκ
1018 1906 1246 1958 εὐδαιμονῶ.

195 1999 257 2036 516
290 1998 404 2037 ἔμελλ’
433 1998 592 2039 ἐνέξεσθαι
617 1999 673 2029 V:
707 1999 846 2038 ἔμελλεν
872 1999 995 2040 ἕξεσθαι
1020 1998 1089 2030 rell.
1206 1998 1290 2040 φόνῳ
1316 1999 1490 2029 MBLP:

152 2041 247 2081 φόνου
265 2041 392 2072 AVB2
543 2052 605 2082 517
631 2045 742 2084 χεροῖν
761 2042 887 2072 VLP:
912 2042 1007 2084 χερός
1027 2041 1141 2073 ΜΑΒ
1289 2052 1354 2082 519
1376 2043 1395 2081 ἢ
1413 2041 1445 2071 Μ
1461 2041 1488 2072 Β

154 2085 187 2122 ἢ
207 2084 269 2123 Μ’ὶ)
364 2085 570 2118 κατέκτεινεν
588 2086 619 2116 Μ
636 2087 665 2116 V
786 2096 849 2125 520
874 2085 925 2127 τε]
947 2089 980 2118 δὲ
999 2086 1026 2116 L
1152 2095 1216 2124 522
1242 2085 1368 2118 ἐλθόντ’
1386 2086 1488 2117 οὕνεκ’

153 2128 183 2157 M
222 2129 324 2167 (siff'z
359 2131 461 2161 οὕνεκ’
491 2129 617 2162 ἐλθόντ’
646 2130 673 2160 L
780 2132 811 2163 ἐς
844 2130 896 2160 hic
930 2129 1001 2160 AV
1156 2139 1220 2169 523
1253 2129 1358 2168 ἀμύνω
1390 2129 1487 2160 codd.

152 2181 213 2211 527
241 2172 377 2213 ἐξέβαλε
398 2173 423 2203 L
559 2183 624 2212 530
649 2176 676 2205 δ’
694 2173 748 2205 οὖν
768 2173 962 2205 Hermann:
989 2173 1043 2205 οὖν
1059 2174 1155 2205 codd.
1174 2185 1181 2204 :
1204 2175 1237 2214 γ’
1255 2173 1309 2204 οὖν
1327 2172 1489 2203 Schaefer

152 2224 211 2253 531
246 2229 286 2256 γε
314 2227 378 2247 om.
409 2217 457 2247 P:
494 2218 533 2249 σὺ
563 2227 672 2248 recc.:
705 2231 742 2248 τε
768 2217 899 2247 Porson
1032 2226 1097 2256 532
1128 2218 1178 2248 καὶ
1207 2227 1270 2247 om.
1298 2217 1346 2246 L:
1379 2217 1453 2247 add.
1478 2215 1491 2246 l

152 2268 215 2297 535
241 2259 365 2291 τούτων
389 2260 421 2290 Μ
437 2272 442 2290 z
469 2271 554 2291 corr.
572 2261 621 2289 Μ2
755 2263 819 2299 536
830 2271 878 2300 sq.
895 2261 934 2291 cs.
954 2262 1017 2299 625
1028 2271 1078 2299 sq.
1096 2271 1102 2290 :
1127 2270 1189 2299 537
1208 2260 1273 2291 del.
1290 2259 1463 2290 Hermann
1481 2271 1488 2290 :

152 2303 252 2332 etiam
271 2304 334 2342 536
353 2304 418 2334 del.
442 2304 593 2339 Brunck,
615 2305 672 2335 sed
693 2304 731 2335 cs.
753 2306 814 2342 564
931 2314 993 2343 537
1019 2305 1134 2340 πίβανε
1157 2304 1187 2333 Μ
1294 2304 1358 2343 538
1381 2303 1489 2335 ἔνδικα

153 2346 212 2375 sed
232 2359 272 2418 1332
290 2347 322 2375 in
343 2357 460 2377 rasura
476 2347 545 2378 M2:
572 2349 700 2381 ἐνδίκως
716 2348 900 2378 Kirchhoff
1028 2358 1091 2387 539
1116 2347 1155 2385 ἧν
1172 2348 1254 2380 εἰκὸς
1274 2347 1300 2377 L
1389 2348 1489 2384 αὐτὴν

154 2399 219 2419 om.
