1622 2740
177 307 248 344 Em

731 134 938 172 EAENH

276 240 327 280 ὡς
351 238 479 292 ῥᾳστα
503 237 722 290 τάναγκαῖα
746 240 814 277 τοῦ
839 239 931 287 βίου
957 237 1106 290 φέρειν.

277 305 394 357 φίλαι
418 307 610 356 γυναῖκες,
637 305 714 344 τίνι
738 304 874 358 πότμῳ
901 304 1136 356 συνεζύγην,·

275 370 336 422 ἆρ’
360 371 384 421 ἡ
410 369 580 411 τεκοῦσά
603 369 643 421 μ’
670 370 802 411 ἔτεκεν
827 371 1048 422 ἀνθρώποις
1072 370 1205 423 τέρας;

274 436 384 493 [γυνὴ
410 439 484 490 γὰρ
510 436 590 477 οὔθ’
614 435 805 487 Ἑλληνὶς
830 437 919 477 οὔτε
942 436 1150 490 βάρβαρος

274 507 415 556 τεῦχος
439 506 620 552 νερσσῶν
644 503 786 544 λευκὸν
811 504 1078 556 ἐκλοχεύεται,

277 571 318 610 ἐν
344 568 372 624 ᾧ
388 586 437 620 με
463 568 596 619 Λήδαν
621 569 749 622 φασὶν
774 571 816 610 ἐκ
844 570 940 612 Διὸς
963 567 1120 620 τεκεῖν.]

273 635 387 687 τέρας
413 638 488 687 γὰρ
513 637 532 675 ὁ
557 637 650 686 βίος
675 637 737 676 καὶ
762 638 809 676 τὰ
834 636 1030 688 πράγματ’
1057 638 1149 677 ἐστί
1169 653 1255 687 μου,

274 704 322 742 τὰ
346 704 418 752 μὲν
443 702 491 741 δι’
510 700 658 754 ἽΙραν,
683 704 731 742 τὰ
758 705 799 743 δὲ
823 703 868 742 τὸ
894 703 1041 745 κάλλος
1065 705 1203 743 α’ίτιον.

274 768 345 808 εἴθ’
372 767 644 821 ἐξαλειφθεῖσ’
671 768 722 810 ὡς
746 768 893 821 ἄγαλμ’
918 770 1027 810 αὖθις
1053 769 1175 809 πάλιν

275 836 436 887 αἴσχιον
461 834 562 875 εἶδος
588 834 739 885 ἔλαβον
765 837 851 876 ἀντὶ
876 839 945 875 τοῦ
971 839 1102 882 καλοῦ,

275 901 336 940 καὶ
361 902 430 942 τὰς
454 901 576 953 τύχας
599 903 671 952 μὲν
695 903 764 944 τὰς
791 904 909 943 κακὰς
934 903 979 944 ἃς
1004 906 1071 942 νῦν
1096 902 1175 955 ἔχω

267 965 469 1018 ”Ελληνες
495 967 751 1014 ἐπελάθοντο,
778 970 846 1010 τὰς
872 970 913 1009 δὲ
935 968 987 1019 μὴ
1014 970 1133 1010 κακὰς

273 1034 422 1088 ἔσῳζον
446 1034 583 1085 ὥσπερ
606 1035 676 1075 τὰς
700 1035 820 1076 κακᾶς
846 1032 1018 1089 σῴζουσί
1039 1051 1125 1085 μου.

340 1100 451 1141 ὅστις
475 1101 546 1151 μὲν
572 1100 640 1140 οὖν
665 1100 705 1141 ἐς
729 1102 823 1151 μίαν
848 1100 1093 1152 ἀποβλέπων
1118 1101 1243 1154 τύχην

275 1165 372 1218 πρὸς
396 1168 497 1207 θεῶν
522 1169 718 1212 κακοῦται,
744 1167 849 1219 βαρὺ
873 1166 958 1218 μέν,
986 1166 1144 1208 οἰστέον
1170 1167 1201 1207 δ’
1227 1168 1343 1219 ὅμως·

273 1233 386 1284 ἡμεῖς
410 1234 452 1273 δὲ
477 1236 648 1274 πολλαῖς
671 1237 896 1285 συμφοραῖς
921 1234 1141 1285 ἐγκείμεθα.

276 1302 432 1351 πρῶτον
454 1300 526 1350 μὲν
552 1299 620 1340 οὐκ
645 1299 732 1339 οὗσ’
757 1299 902 1346 ἄδικος,
931 1300 1008 1350 εἰμὶ
1032 1299 1240 1350 δυσκλεής·

278 1367 340 1406 καὶ
364 1368 479 1406 τοῦτο
502 1365 636 1417 μεῖζον
659 1366 729 1415 τῆς
754 1365 942 1416 ἀληθείας
968 1366 1098 1412 κακόν,

275 1433 387 1474 ὅστις
410 1433 458 1472 τὰ
481 1431 533 1482 μὴ
559 1432 762 1483 προσόντα
788 1430 967 1482 κέκτηται
993 1431 1102 1472 κακά.

276 1497 412 1539 ἔπειτα
435 1498 621 1549 πατρίδος
646 1498 732 1539 θεοί
752 1497 792 1549 μ’
818 1498 1091 1550 ἀφιδρύσαντο
1115 1499 1188 1550 γῆς

277 1565 317 1606 ἐς
340 1562 515 1617 βάρβαρ’
539 1563 627 1615 ἤθη,
656 1564 718 1604 καὶ
743 1565 876 1617 φίλων
900 1563 1102 1616 τητωμένη

277 1631 396 1680 δούλη
423 1629 632 1681 καθέστηκ’
656 1629 743 1670 οῧσ’
768 1630 984 1683 ἐλευθέρων
1009 1630 1097 1671 ἄπο·

275 1697 323 1736 τὰ
346 1696 566 1749 βαρβάρων
589 1698 664 1749 γὰρ
689 1699 812 1737 δοῦλα
835 1696 963 1737 πάντα
988 1696 1093 1747 πλὴν
1118 1697 1219 1739 ἑνός.

276 1762 426 1815 ἄγκυρα
450 1762 483 1803 δ’
508 1763 533 1813 ἥ
555 1779 629 1814 μου
654 1764 723 1805 τᾶς
747 1763 871 1817 τύχας
897 1763 992 1816 ὤχει
1015 1764 1128 1814 μόνη,

276 1829 397 1870 πόσιν
421 1828 510 1869 ποθ’
534 1827 644 1879 ἥξειν
669 1829 736 1869 καί
755 1828 794 1880 μ’
820 1827 1067 1879 ἀπαλλάξειν
1093 1832 1279 1869 κακῶν-

277 1894 389 1937 οὗτος
413 1894 611 1945 τέθνηκεν,
637 1895 751 1937 οὗτος
775 1894 901 1935 οὐκέτ’
928 1896 1016 1936 ἔστι
1040 1894 1099 1945 δή.

342 1959 469 2013 μήτηρ
493 1960 526 2001 δ’
552 1962 695 2007 ὄλωλε,
723 1960 786 2001 καὶ
811 1961 953 2012 φονεὺς
977 1960 1094 2011 αὐτῆς
1119 1961 1209 2012 ἐγώ,

278 2026 420 2069 ἀδίκως
442 2025 527 2077 μέν,
554 2027 660 2066 ἀλλὰ
683 2026 841 2067 τᾶδικον
865 2026 968 2066 τοῦτ’
993 2026 1078 2067 ἔστ’
1103 2027 1211 2077 ἐμόν·

279 2091 300 2132 ὃ
324 2092 357 2133 δ’
382 2091 590 2145 ἀγλάισμα
614 2090 802 2142 δωμάτων
827 2093 923 2142 ἐμοῦ
945 2091 979 2132 τ’
1004 2092 1093 2145 ἔφυ,

1433 319 1494 350 255

1439 640 1498 673 260

1439 972 1497 1011 265

1436 1312 1499 1341 270

1437 1642 1498 1672 275

1438 1965 1500 1994 280

222 2193 373 2223 257-259
397 2183 461 2215 del.
481 2183 633 2214 Badham
787 2183 851 2214 260
874 2184 923 2216 καὶ
948 2184 988 2215 τὰ
1004 2182 1054 2224 lp:
1079 2183 1182 2225 κάρτα
1200 2182 1263 2213 LP
1328 2182 1404 2223 μου]
1422 2183 1504 2222 μοιί

179 2227 241 2265 263
276 2228 346 2258 ἀντὶ
374 2229 431 2258 τοῦ
454 2229 554 2259 καλοῦ
577 2228 691 2263 λαβεῖν
719 2225 803 2257 LP:
835 2226 928 2263 λάβω
953 2226 966 2256 l
991 2231 1023 2257 et
1052 2226 1085 2256 in
1111 2235 1215 2264 marg.
1243 2238 1294 2267 γρ.
1320 2226 1412 2262 λάβω
1437 2225 1502 2256 L'·’:

179 2271 249 2301 ἀντὶ
266 2272 323 2301 τοῦ
340 2272 441 2301 καλοῦ
452 2270 571 2306 Ἄαβον
589 2268 718 2299 Porson
737 2280 744 2299 :
768 2269 842 2300 trai.
861 2268 1093 2300 Wilamowitz

1190 2269 1252 2306 264
1271 2272 1305 2298 et
1325 2270 1388 2306 265
1405 2269 1501 2300 κακὰς

178 2322 294 2351 apogr.
324 2311 454 2342 Paris.:
479 2312 578 2344 καλὰς
607 2312 672 2342 LP
818 2313 882 2351 276
905 2313 992 2351 πλὴν
1016 2312 1064 2342 L:
1088 2313 1160 2354 πρὶν
1177 2310 1204 2341 Ρ
1351 2321 1412 2350 277
1438 2312 1465 2342 δ’
1482 2311 1502 2348 ἥ

181 2355 353 2394 Scaliger:
378 2355 416 2393 δή
434 2355 461 2385 L
473 2355 499 2385 P
590 2356 668 2395 ὤχει
686 2354 866 2395 Musgrave
883 2366 889 2385 z
914 2356 989 2396 ὀχεῖ
1003 2355 1029 2385 L
1042 2355 1068 2385 P
1180 2364 1243 2394 279
1268 2356 1332 2386 ἐπεὶ
1350 2354 1502 2391 τέθνηκεν

180 2397 272 2430 οὗτος
301 2398 531 2429 Wilamowitz
710 2400 768 2430 281
802 2398 907 2439 τοῦτ’]
940 2397 1007 2430 τόδ’
1040 2398 1190 2436 Elmsley
1281 2396 1348 2429 ἔστ’
1381 2407 1445 2427 om.
1476 2396 1502 2425 P

180 2441 242 2471 282
268 2440 359 2483 ἐμοῦ]
378 2441 453 2481 ἐμόν
471 2441 576 2473 Cobet
