1658 2740
311 577 388 617 TA
435 577 553 618 TOT
600 575 933 623 ΔΡΑΜΑΤΟΣ
983 576 1280 626 ΠΡΟΣΩΠΑ

135 693 367 733 HAEKTPA
829 697 1071 739 ΠΎΛΑΔΗΣ

134 776 301 814 ΕΛΕΝΗ
828 778 1054 820 Ammo}

131 856 300 896 Xopoz
828 859 1055 898 EPM10NH

131 937 360 977 ΟΡΕΣΤΗΣ
827 939 954 976 ΦΡΥΞ

132 1018 413 1058 ΜΕΝΕΛΑΟΣ
828 1019 1062 1056 ΑΠΟΛΛΩΝ

128 1100 422 1137 ΤΎΝΔΑΡΕΩΣ

173 1199 228 1228 Sic
248 1197 295 1229 P:
320 1208 384 1229 om.
407 1198 454 1228 L:
479 1198 577 1229 alium
597 1199 748 1230 ordinem
770 1199 905 1230 MAV:

388 1252 533 1292 ὴλέκτρα
707 1255 850 1292 πυλάδης
1028 1253 1123 1291 ἑλένη

392 1297 535 1336 ἅγγελος
710 1297 806 1337 χορός
1028 1296 1155 1335 ἑρμιόνη

389 1339 525 1379 ὀρέστης
707 1341 787 1381 φρύξ
1028 1340 1182 1379 μενέλαος

389 1383 540 1414 ἀπόλλων
709 1384 884 1425 τυνδάρεως

130 1437 285 1468 Electrae
306 1448 427 1468 nomen
448 1448 512 1469 om.
532 1437 564 1468 A

172 2158 267 2191 Acta
284 2168 382 2191 anno
402 2158 444 2192 Α.
458 2159 499 2193 C.
516 2159 606 2201 408:
635 2158 706 2193 vid.
727 2163 749 2191 Σ
769 2159 815 2194 ad
831 2171 863 2192 v.
881 2167 943 2202 371
960 2169 968 2193 ε
997 2162 1125 2193 iterum
1146 2169 1244 2193 anno
1263 2167 1326 2201 341
1346 2169 1353 2192 :
1382 2157 1454 2192 vid.

127 2205 222 2238 CIA.
239 2204 272 2237 ii.
290 2212 356 2247 973
378 2217 433 2239 vv.
457 2215 496 2249 13
515 2213 550 2240 et
569 2207 608 2240 18
626 2207 767 2250 παλαιᾷ·
795 2205 1065 2251 Νεοπτόλ[εμος]
1081 2206 1228 2250 Ὀρέστῃ
1247 2204 1454 2249 Εὐριπίδουὲ

125 2251 171 2285 cf.
185 2251 231 2284 ad
245 2251 382 2285 Phoen.
396 2258 430 2286 et
446 2253 525 2298 Iph.
545 2253 628 2287 Aul.
645 2253 767 2287 initia:
795 2253 971 2287 nonnulla
987 2251 1207 2297 interpolata
1221 2251 1393 2286 videntur
1405 2251 1453 2286 ab

125 2297 373 2332 histrionibus.
437 2299 592 2334 Codices
628 2301 667 2334 M
686 2301 916 2334 ABVLP:
961 2299 1104 2334 accedit
1133 2311 1191 2334 νν.
1226 2300 1387 2343 338—344
1422 2303 1454 2331 Π

125 2343 283 2389 itemque
301 2356 358 2378 vv.
382 2347 609 2390 1062—1090:
640 2358 721 2381 raro
747 2353 1000 2381 memorantur
1025 2347 1059 2380 H
1076 2347 1107 2381 O
1122 2348 1150 2381 F
1172 2347 1295 2380 Haun.
1315 2352 1349 2380 et
1371 2345 1452 2380 cod.

124 2390 468 2474 Τὴεξέςιὶοηίεοηείε
496 2393 542 2428 de
569 2404 642 2438 quo
669 2393 742 2437 egit
770 2393 1044 2439 Papageorgius
1072 2393 1107 2428 in
1134 2393 1268 2428 Athen.
1298 2393 1396 2428 1881.
1424 2394 1451 2426 Ι.

124 2448 197 2483 12·2
258 2451 337 2484 sqq-
