1658 2740
654 117 1001 155 ΕΥΡΙΠΙΔΟΥ

159 225 233 273 AX,
264 221 393 271 μυρίοι
413 220 461 272 γ’,
482 219 566 272 ἄξει
586 220 619 260 δ’
636 220 871 263 Ὀδυσσεύς.

880 291 953 328 Κλ.
993 288 1052 340 ἆρ’
1079 290 1098 328 ὁ
1125 289 1304 341 Σισύφου
1327 289 1462 341 γόνος,·

158 356 232 406 Αχ.
261 352 378 395 αὐτὸς
406 353 529 396 οὗτος.

521 423 594 461 Κλ.
633 422 713 461 ἴδια
738 418 947 473 πράσσων,
970 417 993 471 ἢ
1019 424 1191 474 στρατοῦ
1209 422 1368 475 ταχθεὶς
1390 423 1483 469 ihm,-

158 489 233 539 Αχ.
263 487 431 538 αἱρεθεὶς
452 488 561 528 ἑκών.

578 556 651 594 Κλ.
691 552 866 605 πονηράν
890 554 927 606 γ’
953 570 1118 606 αιρεσιν,
1144 559 1387 606 μιαιφονεῖν.
1439 600 1451 613 .

160 622 234 671 AX,
264 620 355 659 ἀλλ’
373 620 451 672 ἐγὼ
469 619 612 673 σχήσω
639 637 710 661 νιν.

599 689 672 727 Κλ.
712 685 797 736 ἄξει
815 686 847 726 δ’
867 686 941 740 οὐχ
961 689 1130 727 ἑκοῦσαν
1147 685 1350 739 ἁρπάσας,·
1403 692 1484 731 1365

161 756 234 805 Αχ.
263 752 413 802 δηλαδὴ
433 752 577 803 ξανθῆς
594 754 758 805 ἐθείρας.

775 822 848 860 Κλ.
889 820 958 870 ἐμὲ
981 821 1023 860 δὲ
1047 822 1143 872 δρᾶν
1167 821 1209 861 τί
1229 819 1305 873 χρὴ
1326 819 1434 866 τότε,·

157 888 232 939 Αχ.
261 883 431 939 ἀντέχου
449 886 651 938 θυγατρός.

662 955 736 994 Κλ.
777 953 828 995 ὡς
851 952 955 993 τοῦδ’
982 952 1097 994 εἵνεκ’
1121 952 1167 994 οὐ
1192 951 1460 1007 σφαγήσεται.

154 1022 230 1071 AX,
260 1019 369 1059 ἀλλὰ
395 1018 472 1070 μὴν
497 1021 537 1061 ἐς
562 1020 677 1059 τοῦτό
701 1019 737 1072 γ’
764 1019 860 1071 ἥξει.

155 1088 217 1136 Ιφ.
860 1089 994 1139 μῆτερ,
1022 1087 1286 1128 εἰσακούσατε

253 1155 330 1192 τῶν
358 1154 461 1204 ἐμῶν
489 1153 637 1205 λόγων·
675 1151 802 1204 μάτην
828 1152 902 1206 γάρ
929 1153 968 1193 σ’
995 1154 1137 1205 εἰσορῶ
1165 1151 1407 1204 θυμουμένην

255 1223 314 1274 σῷ
341 1220 471 1260 πόσει·
513 1222 562 1259 τὰ
587 1219 619 1259 δ’
646 1219 805 1260 ἀδύναθ’
832 1220 925 1270 ἡμῖν
947 1223 1146 1272 καρτερεῖν
1171 1220 1216 1260 οὐ
1232 1218 1378 1274 ῥᾴδιον.
1403 1231 1486 1264 1370

253 1286 321 1326 τὸν
344 1289 416 1337 μὲν
444 1286 511 1327 οὖν
539 1283 654 1336 ξένον
682 1287 834 1326 δίκαιον
861 1285 1019 1326 αἰνέσαι
1044 1286 1275 1338 προθυμίας·

253 1353 359 1393 ἀλλὰ
386 1353 448 1393 καὶ
473 1356 519 1394 σὲ
548 1352 652 1392 τοῦθ’
679 1353 773 1404 ὁρᾶν
803 1351 891 1405 χρή,
919 1352 971 1404 μὴ
999 1355 1199 1409 διαβληθῇ
1224 1355 1393 1406 στρατῷ,

254 1419 315 1459 καὶ
339 1417 463 1460 πλέον
489 1416 701 1471 πράξωμεν
730 1418 855 1465 οὐδέν,
885 1420 950 1460 ὅδε
977 1421 1020 1460 δὲ
1047 1421 1256 1470 συμφορᾶς
1280 1419 1392 1474 τύχῃ.

317 1486 380 1526 οἷα
405 1485 438 1525 δ’
465 1485 653 1536 εἰσῆλθέν
683 1484 737 1536 μ’,
765 1485 950 1532 ἄκουσον,
980 1487 1113 1537 μῆτερ,
1143 1484 1417 1535 ἐννοουμένην·

253 1555 457 1593 κατθανεῖν
476 1552 549 1604 μέν
565 1569 632 1604 μοι
653 1550 845 1592 δέδοκται·
872 1555 986 1592 τοῦτο
1005 1551 1038 1592 δ’
1056 1551 1149 1592 αὐτὸ
1169 1551 1371 1602 βούλομαι
1401 1564 1459 1596 137
1465 1565 1482 1595 5

252 1619 421 1661 εὐκλεῶς·
446 1617 602 1670 πρᾶξαι,
633 1618 806 1671 παρεῖσά
830 1617 867 1671 γ’
899 1619 1075 1659 ἐκποδὼν
1104 1617 1148 1658 τὸ
1173 1615 1374 1670 δυσγενές.

218 1683 223 1693 ⁵
252 1688 364 1738 δεῦρο
390 1685 434 1735 δὴ
462 1686 614 1737 σκέψαι
640 1685 725 1736 μεθ’
752 1685 874 1736 ἡμῶν,
905 1688 1039 1737 μῆτερ,
1067 1684 1117 1726 ὦς
1149 1687 1276 1726 καλῶς
1299 1682 1421 1737 λέγω·

251 1753 306 1794 εἷς
331 1752 390 1803 ἔμ’
415 1751 566 1794 Ἑλλὰς
590 1753 613 1803 ἡ
641 1752 810 1804 μεγίστη
839 1755 953 1793 πᾶσα
978 1755 1046 1792 νῦν
1072 1749 1310 1802 ἀποβλέπει,

251 1820 322 1859 κάν
348 1820 432 1870 ἐμοὶ
459 1819 635 1871 πορθμός
660 1835 703 1859 τε
728 1822 833 1859 ναῶν
859 1819 922 1860 καὶ
953 1822 1120 1871 Φρυγῶν
1149 1818 1402 1870 κατασκαφαὶ

249 1885 317 1926 τάς
342 1902 385 1926 τε
408 1885 638 1937 μελλούσας
663 1888 860 1937 γυναῖκας,
882 1885 931 1936 ἥν
955 1902 991 1926 τι
1021 1888 1143 1937 δρῶσι
1163 1882 1379 1941 βάρβαροι,
1403 1889 1484 1929 1380

248 1951 385 2003 μηκέθ’
412 1951 598 2004 ἁρπάζειν
627 1954 694 1993 ἐᾶν
719 1951 853 1992 τούσδ’
888 1952 1034 2003 ὀλβίας
1059 1950 1105 2002 ἐξ
1125 1947 1339 1997 Ἑλλάδος,

195 2046 277 2084 1362
303 2047 376 2077 ὅσια
404 2045 507 2086 σύφου
534 2045 577 2078 P:
613 2055 700 2076 corr.
733 2043 774 2074 1³2
1027 2044 1110 2083 1363
1140 2043 1203 2076 ἰδία
1226 2043 1289 2081 (sc.
1317 2042 1392 2086 ἰδίᾳ)
1421 2043 1446 2074 L
1459 2043 1486 2073 P

152 2090 234 2127 1366
247 2089 365 2130 ἐθείρης
381 2089 408 2119 L
422 2088 448 2118 P
527 2091 602 2128 δρᾶν
615 2089 648 2120 τί
662 2090 725 2129 χρὴ
744 2087 944 2119 Kirchhoff:
961 2087 995 2119 τί
1007 2089 1071 2129 χρὴ
1085 2089 1161 2127 δρᾶν
1176 2088 1200 2117 L
1213 2086 1257 2118 P:
1282 2088 1346 2127 χρὴ
1359 2087 1393 2118 τί
1409 2089 1485 2128 δρᾶν

149 2132 305 2162 Gaisford
398 2133 477 2171 1367
497 2132 620 2172 ἀντέχη
636 2131 789 2171 primitus
803 2131 829 2161 P
898 2130 1006 2171 εἵνεκ’]
1022 2130 1103 2162 ἕνεκ’
1116 2130 1193 2160 LP:
1207 2129 1309 2161 οὕνεκ’
1323 2129 1484 2160 Musurus

152 2176 233 2214 1368
249 2176 489 2214 suprascripsit
502 2176 606 2207 λείπει
626 2175 676 2215 1³2,
692 2174 806 2205 debuit
819 2184 921 2214 supra
932 2185 962 2204 v.
977 2178 1176 2212 sequentem
1264 2174 1345 2212 1369
1361 2173 1410 2203 sic
1424 2172 1482 2204 L2:

148 2223 212 2250 τῶν
238 2221 332 2258 ἐμῶν·
362 2219 469 2258 μάτην
495 2221 558 2260 γὰρ
587 2220 697 2260 εἰσορῶ
727 2218 751 2247 L
764 2218 789 2248 P
816 2218 872 2257 (εἷς
906 2216 1001 2259 σ’ὁρῶ
1030 2216 1096 2257 Ρῗ),
1124 2216 1230 2247 adser.
1263 2217 1366 2247 λείπει
1397 2217 1422 2246 L
1451 2220 1484 2246 et

149 2262 251 2292 voluit
267 2261 292 2291 P
400 2272 482 2301 1372
510 2264 687 2304 διαβληθῇς
703 2261 729 2291 L
742 2260 783 2292 P:
810 2270 895 2292 corr.
912 2260 1069 2299 Hartung
1181 2268 1261 2298 1373
1279 2260 1331 2291 ὅδε
1345 2258 1379 2291 δὲ
1393 2258 1483 2289 Mus-

149 2314 252 2341 grave
270 2316 276 2334 ε
305 2307 320 2336 ὁ
338 2304 371 2337 δὲ
392 2306 417 2335 L
431 2305 474 2337 P:
507 2308 523 2337 ὁ
542 2306 698 2346 ἀχιλλεὺς
717 2313 885 2343 suprascr.
904 2303 937 2334 in
958 2304 984 2334 L
1150 2312 1231 2341 1374
1257 2303 1389 2340 εἰσῆλθε
1408 2301 1434 2331 Ρ
1449 2306 1484 2332 et

150 2348 303 2386 primitus
322 2348 347 2377 L
443 2348 631 2387 ἐννοουμένη
647 2348 801 2387 primitus
815 2347 842 2377 P
978 2355 1059 2385 1375
1082 2345 1143 2385 μὲν
1157 2345 1212 2384 ἐμὲ
1231 2345 1482 2375 Rauchenstein

153 2391 235 2428 1376
244 2390 294 2430 γ’]
312 2392 341 2421 τ’
359 2391 538 2421 Hermann
628 2390 781 2431 δυσγενές
795 2391 835 2421 L:
856 2390 1008 2429 δυσμενές
1020 2389 1047 2419 Ρ
1139 2389 1220 2427 1378
1240 2390 1294 2419 νῦν
1305 2386 1482 2424 ἀποβλέπει

151 2433 191 2463 Ι]
203 2432 242 2461 P²
257 2446 261 2463 :
289 2434 533 2470 συναποβλέπει
551 2434 574 2463 L
589 2434 614 2463 P
708 2435 790 2471 1380
807 2443 855 2472 Sq.
880 2433 938 2464 τάς
955 2446 992 2463 τε
1009 2431 1194 2471 μελλούσας
1210 2433 1360 2471 γυναῖκας
1372 2428 1483 2469 μηκέθ’

150 2474 301 2515 ἁρπάζειν
319 2478 383 2513 ἐᾶν,
401 2477 523 2506 ceteris
537 2476 665 2512 deletis,
680 2476 871 2512 Conington
974 2476 1051 2512 1381
1077 2472 1188 2505 τούσδ’
1201 2473 1339 2511 scripsit
1356 2473 1414 2504 τὰς
1427 2472 1484 2501 LP
