1622 2740
658 115 1067 157 PRAEFATIO

200 232 406 285 distingui
425 237 602 285 possunt
621 229 738 283 (Bac.
757 240 820 281 72,
841 228 931 281 74);
965 228 1049 268 alia
1067 242 1177 281 quac
1195 229 1317 281 quasi
1334 229 1522 280 ἀνάκρου-

201 318 266 341 σιν
299 300 367 340 vel
401 300 586 351 ἀφορμὴν
621 297 839 351 quandam
877 297 1077 347 efficiunt,
1109 310 1194 349 qua
1225 297 1525 338 vehementius

199 375 341 410 currat
374 382 520 409 versus
552 367 814 419 insequentis
847 372 1055 406 metrum:
1092 366 1284 418 creti005‚
1315 365 1526 407 baccheos

200 437 390 492 (u—--)‚
414 437 628 477 diiambos
660 448 972 489 saepenumero
1003 435 1062 474 sic
1095 436 1282 475 invenies
1314 436 1524 476 trochaeis

197 506 312 546 dim.·
335 505 459 546 catal.
491 504 557 545 vel
591 503 881 558 ithyphallicis
914 504 1195 557 praepositos,
1227 510 1272 544 ut
1306 503 1405 544 Hel.
1442 516 1522 559 230

198 573 356 613 Phocn.
391 574 599 627 1723-26,
629 573 701 614 ubi
734 573 888 614 eodem
915 585 1040 612 versu
1068 572 1214 625 scripti
1244 581 1359 622 sunt,
1385 573 1522 615 Andr.

198 641 295 693 282,
336 654 429 695 294,
469 655 562 694 299,
603 642 725 695 1198,
769 653 892 691 1201,
935 652 1058 691 1204,
1096 654 1194 681 cum
1231 642 1411 692 antistr„
1449 643 1521 684 ubi

195 712 427 764 separatim
450 712 624 764 scripsi:
659 712 699 751 in
730 711 889 751 Phocn.
920 708 1041 761 1287,
1072 709 1192 761 1288,
1215 724 1311 750 cum
1340 711 1520 763 antistr„

194 780 253 820 sic
295 787 619 833 praeponuntur
661 779 818 833 singuli
860 778 1062 820 trochaei.
1154 779 1222 819 De
1268 782 1522 833 postpositis

192 849 441 889 huiusmodi
482 848 697 900 clausulis,
740 848 992 901 praesertim
1034 872 1110 876 ——
1143 848 1209 888 vel
1253 867 1381 885 υ--
1422 856 1520 902 post

192 918 327 958 troch.
351 918 452 958 dim.
481 918 606 958 catal.
628 917 695 957 vel
719 924 816 969 post
838 917 1096 967 glyconeum
1120 917 1413 969 sequentibus,
1436 932 1518 959 non

193 999 300 1038 opus
332 993 395 1026 est
427 992 472 1024 ut
508 998 720 1023 moneam.
785 983 834 1022 In
867 983 930 1022 his
962 991 1005 1023 et
1037 984 1247 1025 similibus
1279 986 1519 1027 indicandis

191 1053 354 1090 nullam
391 1056 663 1091 constantem
701 1050 894 1104 regulam
928 1051 1137 1092 adhibere
1170 1054 1305 1106 potui.
1380 1054 1518 1109 Spero

189 1124 357 1158 tantum
382 1118 610 1159 lectoribus
632 1120 705 1172 qui
732 1126 775 1159 et
803 1120 973 1160 animos
995 1126 1037 1160 et
1058 1134 1181 1162 aures
1203 1123 1350 1162 metris
1375 1123 1517 1176 lyricis

189 1187 376 1227 intentas
398 1187 679 1228 adhibuerint
703 1201 789 1228 non
814 1188 983 1229 inutiles
1006 1188 1095 1229 fore
1120 1189 1315 1233 εἰσθέσεις
1337 1200 1515 1234 nostras.

249 1253 379 1307 Quod
403 1256 444 1295 in
463 1257 652 1297 secundo
666 1256 887 1298 volumine
911 1258 966 1298 de
988 1258 1130 1299 doctis
1152 1259 1302 1301 amicis
1324 1261 1516 1304 diximus

188 1323 231 1362 id
262 1324 391 1364 etiam
424 1324 465 1364 in
496 1325 578 1365 hoc
608 1326 661 1366 de
694 1326 846 1366 iisdem
878 1326 1119 1368 iterandum
1152 1334 1231 1380 est,
1263 1330 1515 1385 gratiaeque

185 1405 243 1431 ex
283 1393 428 1432 animo
480 1394 735 1436 iustissimae
777 1396 836 1436 ita
877 1395 1123 1438 reddendae
1164 1404 1210 1438 ut
1257 1401 1510 1442 memoriam

184 1460 340 1500 saltem
373 1463 609 1504 constantis
641 1465 735 1516 opis
770 1478 818 1505 ac
856 1464 1179 1507 benevolentiae
1209 1480 1381 1521 semper
1412 1483 1509 1511 con-

184 1541 347 1569 servem
370 1531 577 1583 omniurn,
601 1539 644 1573 et
666 1534 859 1574 maxime
881 1535 1074 1575 omnium
1101 1534 1434 1578 Wilamowitzii.

1312 1651 1360 1691 G.
1390 1652 1448 1691 M.

223 1721 409 1754 Scrzbebam
429 1724 551 1755 Oxomi
565 1725 642 1757 Kal.
663 1726 732 1756 Oct.
751 1735 873 1758 mcnux.

802 2421 852 2461 vii
