1658 2740
372 145 692 182 l‘bll'ENElA
750 145 781 181 ll
837 145 910 182 EN
964 145 1176 181 mmm!

110 251 181 300 Ay.
210 249 276 289 οὐκ
302 248 373 289 οἷδ’
399 250 504 290 ὅπως
530 253 591 301 φῶ
619 253 731 290 τοῦτο
759 249 820 289 καὶ
847 248 898 299 μὴ
926 252 1000 300 φῶ,
1029 248 1177 289 τέκνον.

111 319 172 368 Ῐφ.
206 314 264 355 ἔα·

207 382 257 424 ὡς
283 382 327 422 οὐ
351 382 519 433 βλέπεις
546 384 689 433 ἕκηλον
716 382 891 434 ἄσμενός
917 382 956 433 μ’
983 382 1087 423 ἰδών.

107 450 178 500 Αγ.
208 449 328 490 πόλλ’
353 450 463 502 ἀνδρὶ
489 454 660 501 βασιλεῖ
686 450 747 490 καὶ
776 447 1031 505 στρατηλάτῃ
1056 448 1180 500 μέλει.
1365 455 1431 495 645

108 518 170 567 Ιφ.
202 515 291 567 παρ’
318 516 403 567 ἐμοὶ
429 520 543 568 γενοῦ
568 520 649 563 νῦν,
678 516 730 567 μὴ
758 516 812 557 ’πὶ
842 517 1056 569 φροντίδας
1081 515 1238 568 τρέπου.

105 585 177 634 Αγ.
205 582 297 623 ἀλλ’
325 584 402 633 εἰμὶ
427 584 531 635 παρὰ
557 584 622 624 σοὶ
652 587 720 624 νῦν
746 583 850 625 ἄπας
878 583 966 623 κούκ
993 582 1148 623 ἄλλοθι.

105 651 169 702 Ῐφ.
198 648 313 700 μέθες
339 666 407 690 νυν
432 650 559 703 ὀφρὺν
585 652 692 701 ὄμμα
718 650 751 689 τ’
779 649 954 691 ἔκτεινον
980 651 1113 702 φίλον.

102 718 176 767 Αγ.
204 717 299 762 ἰδού,
329 714 479 768 γέγηθά
507 716 545 755 σ’
573 717 623 758 ὡς
650 716 790 769 γέγηθ’
819 718 932 770 ὁρῶν,
960 716 1110 757 τέκνον.

104 785 168 834 Ιφ.
200 782 364 823 κᾶπειτα
390 784 542 834 λείβεις
570 782 701 836 δάκρυ’
730 784 796 824 ἀπ’
824 782 1009 835 ὀμμάτων
1036 784 1172 830 σέθεν,·
1368 789 1431 828 650

102 852 174 901 Ay.
204 851 332 901 μακρὰ
358 851 433 901 γὰρ
461 850 553 901 ἡμῖν
578 851 600 901 ἡ
627 850 776 891 ’πιοῦσ’
805 852 989 891 ἀπουσία.

105 919 166 968 Ῐφ.
202 911 300 957 Τοὐκ
325 915 397 956 οἶδ’
426 918 448 956 ὅ
471 934 508 957 τι
534 915 625 973 φῄς,
658 917 726 958 οὐκ
756 918 854 967 οἶδα,
886 917 1046 970 φίλτατ’
1072 917 1158 969 ἐμοὶ
1182 916 1346 969 πάτερ.“Γ

100 986 173 1035 Αγ.
201 985 345 1024 συνετὰ
372 983 551 1036 λέγουσα
575 987 734 1035 μᾶλλον
766 986 819 1026 εἷς
846 985 976 1025 οἶκτόν
1002 984 1041 1036 μ’
1067 984 1187 1036 ἄγεις.

103 1053 164 1102 Ιφ.
199 1048 371 1091 ἀσύνετά
396 1067 464 1091 νυν
494 1052 671 1103 ἐροῦμεν,
703 1052 736 1091 εἷ
764 1050 812 1091 σέ
835 1050 872 1104 γ’
898 1051 1093 1104 εὐφρανῶ.

99 1119 170 1168 Ay.
202 1120 341 1157 παπαῖ.
413 1116 457 1157 τὸ
487 1120 607 1170 σιγᾶν
635 1118 679 1158 οὐ
711 1117 854 1158 σθένω·
894 1120 940 1158 σὲ
966 1118 998 1156 δ’
1023 1118 1161 1174 ᾔνεσα.
1365 1122 1428 1161 655

101 1186 161 1235 Ῑφ.
197 1182 295 1233 μέν’,
322 1181 351 1223 ὦ
377 1181 512 1236 πάτερ,
545 1183 627 1224 κατ’
660 1184 768 1225 οἶκον
795 1184 859 1225 ἐπὶ
884 1184 1036 1226 τέκνοις
1062 1184 1190 1226 σέθεν.

98 1252 169 1302 Αγ.
200 1249 303 1290 θέλω
329 1267 387 1302 γε·
424 1250 468 1291 τὸ
499 1249 629 1291 θέλειν
663 1250 694 1291 δ’
722 1251 788 1291 οὐκ
815 1251 917 1305 ἔχων
944 1251 1177 1303 ἀλγύνομαι.

98 1319 160 1369 Ῐφ.
198 1318 358 1357 ὄλοιντο
382 1318 532 1370 λόγχαι
568 1318 630 1358 καὶ
656 1319 703 1357 τὰ
730 1318 922 1359 Μενέλεω
949 1316 1058 1358 κακά.

98 1385 168 1435 Αγ.
197 1382 344 1426 ἄλλους
370 1385 459 1424 ὀλεῖ
482 1383 633 1436 πρόσθ’
660 1385 683 1424 ἃ
713 1385 778 1435 ἐμὲ
806 1384 1031 1426 διολέσαντ’
1057 1384 1153 1438 ἔχει.

98 1453 160 1501 Ῐφ.
195 1449 246 1492 ὡς
270 1450 396 1491 πολὺν
422 1451 585 1501 ἀπῆσθα
616 1451 760 1504 χρόνον
788 1453 829 1492 ἐν
856 1452 1026 1493 Αὐλίδος
1050 1456 1201 1505 μυχοῖς.
1364 1454 1427 1487 660

96 1518 168 1568 Αγ.
198 1516 261 1557 καὶ
287 1520 355 1558 νῦν
381 1516 428 1570 γέ
450 1516 490 1568 μ’
515 1518 625 1571 ἴσχει
649 1517 695 1568 δή
726 1534 762 1558 τι
788 1518 840 1568 μὴ
868 1517 1055 1559 στέλλειν
1082 1519 1265 1570 στρατόν.

98 1585 158 1634 Ιφ.
195 1586 270 1624 ποῦ
295 1583 384 1625 τοὺς
410 1584 570 1636 Φρύγας
594 1584 786 1636 λέγουσιν
816 1583 992 1639 ᾠκίσθαι,
1019 1583 1159 1636 πάτερ;

97 1652 169 1702 Αγ.
199 1650 243 1690 οὗ
267 1649 411 1702 μήποτ’
438 1651 559 1691 οἰκεῖν
587 1650 711 1703 ὤφελ’
737 1652 757 1691 ὁ
786 1648 969 1702 Πριάμου
997 1649 1133 1703 Πάρις.

97 1719 160 1769 Ιφ.
196 1719 348 1769 μακρὰν
373 1717 564 1770 ἀπαίρεις,
594 1715 623 1757 ὦ
650 1715 780 1769 πάτερ,
811 1718 940 1758 λιπὼν
965 1716 1045 1768 ἐμέ.

96 1786 168 1836 Αγ.
193 1778 283 1825 ’Ϋεῖς
308 1783 463 1830 ταύτόν,
490 1782 519 1824 ὦ
547 1784 729 1837 θύγατερ,
757 1784 863 1835 ἥκεις
889 1787 946 1839 σῷ
973 1781 1129 1837 flami-5*
1354 1788 1416 1828 665

138 1878 287 1917 644—677
311 1877 542 1917 paragraphos
561 1877 665 1917 praef.
689 1877 714 1908 L
731 1877 776 1909 P:
803 1882 900 1908 notas
921 1875 959 1907 Ρ2
1105 1878 1170 1915 644
1195 1876 1328 1913 βλέπεις
1346 1875 1377 1914 μ’
1396 1875 1422 1907 Ρ

96 1922 233 1958 εὔκηλον
259 1920 343 1952 LP:
369 1931 456 1953 corr.
485 1921 665 1951 Blomfield
844 1921 909 1958 645
935 1920 1154 1961 στρατηλάτει
1182 1920 1206 1950 L
1223 1919 1270 1950 P:
1294 1929 1381 1950 corr.
1398 1925 1423 1960 p

94 1965 159 2002 646
182 1963 252 2005 παρ’
271 1965 346 2004 ἐμοῦ
365 1964 391 1994 Ρ
408 1975 415 1995 t
439 1965 514 2007 πρὸς
532 1967 607 2004 ἐμοῦ
626 1963 666 1994 Ρ2
784 1965 828 2003 μὴ
847 1964 996 1994 Barnes:
1023 1965 1073 1995 καὶ
1090 1965 1133 2003 μὴ
1153 1964 1178 1993 L
1194 1964 1219 1993 Ρ
1330 1969 1424 2004 φρον-

94 2008 168 2039 τίδα
184 2007 338 2047 primitus
356 2006 382 2037 P
514 2009 577 2046 647
605 2008 666 2046 εἰμὶ
685 2006 725 2037 Ρ2
742 2018 749 2037 :
776 2008 836 2047 εἶμι
857 2007 882 2037 L
897 2007 923 2037 P
1062 2007 1127 2045 648
1153 2009 1206 2038 νῦν
1223 2005 1378 2045 primitus
1396 2006 1422 2036 L

94 2053 159 2090 649
181 2050 295 2092 γέγηθ’
314 2050 370 2083 ἕως
391 2050 518 2092 ’γέγηθά
535 2051 566 2082 σ”
585 2050 672 2081 LP:
697 2060 782 2081 corr.
806 2051 986 2090 Musgrave
1105 2051 1165 2089 651
1185 2060 1233 2089 sq.
1253 2049 1316 2080 del.
1330 2048 1420 2088 Eng-

96 2094 192 2125 land:
217 2095 369 2133 652-655
390 2094 540 2124 Dindorf
719 2095 783 2133 652
807 2096 825 2126 ὃ
844 2093 906 2136 φῄς
927 2099 961 2124 et
982 2094 1116 2135 φίλτατ’
1139 2093 1162 2124 ὦ
1184 2092 1284 2134 πάτερ
1307 2092 1421 2123 Heath

95 2136 290 2168 Markland:
317 2139 373 2169 οὐκ
395 2136 465 2169 οἶδά
487 2135 513 2169 θ’
535 2137 551 2169 ὅ
568 2150 598 2169 τι
618 2135 692 2180 φῄς,
711 2137 801 2169 κοῑδα
818 2137 929 2168 Weil:
955 2137 1097 2168 fortasse
1122 2138 1167 2176 οὐ,
1190 2134 1330 2178 φίλταθ’,
1352 2137 1369 2167 ὅ
1389 2150 1421 2167 τι

96 2181 159 2223 φῂς
175 2181 254 2233 offa,
271 2179 383 2235 πάτερ,
402 2182 459 2212 οὐκ
475 2181 555 2235 οῑΙδα,
571 2193 625 2235 μοι
774 2182 837 2220 653
861 2182 894 2220 μ’
914 2182 956 2213 εἶς
974 2181 1081 2212 οἶκτον
1098 2181 1186 2234 ᾄγεις
1204 2179 1249 2233 3³:
1265 2189 1359 2235 xcoII‘r.
1382 2178 1421 2234 Ρῗ

94 2225 159 2263 654
183 2237 237 2256 νυν
255 2224 281 2254 L
297 2234 304 2254 :
327 2237 386 2262 μεν
404 2223 448 2255 P:
473 2237 532 2263 μεν
546 2236 570 2264 ’γ
598 2222 638 2254 Ρ2
823 2224 887 2262 657
911 2224 1055 2255 fortasse
1074 2227 1156 2255 θελω
1172 2236 1243 2262 μεν,
1260 2228 1277 2255 b
1295 2227 1376 2254 θελω
1393 2225 1410 2254 δ

95 2268 161 2306 659
183 2266 296 2308 πρόσθ’
316 2266 363 2297 P:
386 2266 523 2308 πρόσθεν
541 2266 567 2296 L
579 2266 619 2297 1³2
707 2267 773 2298 660
798 2268 926 2305 ἀπῆσθα
945 2268 1022 2307 Lp:
1049 2268 1177 2305 ἀπῆλθα
1194 2266 1220 2296 Ρ
1308 2267 1369 2296 661
1387 2265 1421 2306 γ’

96 2309 143 2349 ἔμ’
164 2310 189 2341 L
205 2310 232 2340 P
361 2311 426 2341 662
449 2309 539 2351 τοὺς]
556 2312 617 2351 ’γῆς
636 2309 786 2349 Elmsley
911 2311 1050 2348 ὠκῆσθαι
1070 2310 1096 2340 L
1113 2309 1160 2341 P:
1184 2319 1267 2340 corr.
1290 2308 1419 2340 Porson

95 2354 158 2393 664
181 2353 304 2393 μακράν
319 2352 351 2394 ’γ’
372 2353 412 2384 L²
530 2354 659 2395 ἀπαρεῖς
675 2353 854 2385 Wecklein
976 2355 1049 2393 665·
1068 2356 1098 2386 ἐς
1116 2354 1236 2386 ταύτὸν
1260 2352 1373 2394 (αὖθις)
1397 2353 1419 2384 ὦ

95 2397 230 2439 θύγατερ
247 2398 329 2439 ἥξεις
355 2397 450 2439 πατρί
474 2396 585 2428 Weil:
609 2396 753 2429 sortasse
772 2397 817 2429 ἔτ’
837 2397 865 2430 εἶ
880 2398 921 2430 σὺ
937 2407 996 2437 pro
1013 2398 1099 2436 ἥκεις

1269 2453 1330 2483 20*
