1658 2740
678 135 1028 174 ΕΥΡΙΠΙΔΟΥ

167 238 240 285 Ορ.
263 235 367 276 τίνος
392 236 474 276 τόδ’
500 237 611 279 εἶπας
637 237 844 290 φάρμακον
869 245 1051 291 τρισσοῖς
1077 243 1233 293 φίλοις,·
1410 258 1492 289 1190

167 304 247 341 ΙἸλ.
267 301 437 352 Ἑλένης
465 304 674 355 θανούσης,
701 305 750 356 ἥν
774 323 812 345 τι
838 306 1051 349 Μενέλεώς
1077 325 1125 348 σε
1151 312 1221 364 δρᾷ

264 365 286 417 ἦ
314 369 427 410 τόνδε
455 370 691 421 κάμέ-πᾶν
718 373 793 424 γὰρ
819 372 860 413 ἓν
885 374 1008 425 φίλον
1033 374 1178 414 τόδε-

263 434 350 487 λέγ’
377 436 427 478 ὡς
455 437 667 489 φονεύσεις
692 437 921 490 Ἑρμιόνην·
959 438 1078 492 ξίφος
1102 443 1144 482 δὲ
1168 442 1246 495 χρὴ

263 501 353 558 δέρῃ
379 502 476 555 πρὸς
502 504 599 561 αὐτῇ
625 504 820 557 παρθένου
846 506 1045 547 σπάσαντ’
1070 507 1190 560 ἔχειν.

263 568 333 608 κᾶν
359 568 432 620 μέν
459 587 507 611 σε
534 569 636 627 σῴζῃ
662 571 714 622 μὴ
742 575 874 613 θανεῖν
899 571 1054 629 χρῄζων
1080 575 1199 626 κόρην
1410 589 1490 622 1195

260 634 427 686 Ἑλένης
454 637 668 679 Μενέλεως
695 639 821 690 πτῶμ’
850 640 942 680 ἰδὼν
967 641 1009 680 ἐν
1034 642 1180 691 αἵματι,

258 701 373 751 μέθες
400 706 600 744 πεπᾶσθαι
629 705 746 757 πατρὶ
770 704 966 757 παρθένου
990 706 1122 757 δέμας·

258 764 305 818 ἦν
333 768 364 808 δ’
391 769 585 820 ὀξυθύμου
611 770 663 821 μὴ
692 776 844 822 κρατῶν
871 771 1123 824 φρονήματος

259 836 388 891 κτείνῃ
416 853 476 882 σε,
507 836 568 876 καὶ
597 836 647 877 σὺ
674 836 804 889 σφάζε
830 838 1024 890 παρθένου
1049 839 1177 892 δέρην.

257 901 323 941 καί
349 919 409 942 νιν
435 905 548 949 δοκῶ,
576 903 620 943 τὸ
648 908 802 955 πρῶτον
827 901 876 954 ἢν
900 905 1024 947 πολὺς
1049 912 1165 963 παρῇ,
1404 919 1490 943 1200

255 968 385 1023 χρόνῳ
411 968 606 1020 μαλάξειν
633 970 886 1024 σπλάγχνον·
925 972 1013 1012 οὔτε
1039 974 1113 1024 γὰρ
1138 973 1286 1026 θρασὺς

256 1034 336 1074 οὔτ’
361 1035 528 1086 ἄλκιμος
554 1036 720 1089 πέφυκε.
793 1037 900 1088 τήνδ’
925 1038 1017 1089 ἡμῖν
1041 1039 1121 1092 ἔχω

254 1104 451 1154 σωτηρίας
476 1102 657 1154 ἔπαλξιν.
733 1106 881 1157 εἴρηται
906 1106 1041 1157 λόγος.

151 1170 223 1218 Of),
244 1165 274 1208 ὦ
298 1170 367 1211 τὰς
392 1169 541 1221 φρένας
566 1172 638 1221 μὲν
666 1171 838 1223 ἄρσενας
864 1172 1089 1222 κεκτημένη,

249 1235 294 1275 τὸ
319 1240 434 1287 σῶμα
458 1235 491 1276 δ’
518 1238 559 1277 ἐν
585 1236 742 1289 γυναιξὶ
770 1239 947 1288 θηλείαις
972 1238 1134 1290 πρέπον,
1400 1254 1482 1284 1205

251 1303 301 1344 ὡς
327 1302 418 1353 ἀξία
445 1303 514 1353 ζῆν
538 1307 698 1354 μᾶλλον
722 1301 746 1354 ἢ
775 1307 908 1345 θανεῖν
935 1305 1045 1357 ἔφυς.

249 1369 428 1420 Πυλάδη,
456 1370 639 1421 τοιαύτης
667 1371 726 1423 ἆρ’
754 1370 962 1428 ἁμαρτήσῃ
990 1372 1113 1414 τάλας

276 1436 429 1478 υναικὸς
454 1433 477 1487 ἢ
505 1437 579 1487 ζῶν
605 1437 798 1490 μακάριον
825 1437 951 1494 κτήσῃ
978 1438 1112 1493 λέχος.

147 1505 221 1542 Πυ.
243 1503 276 1543 εἰ
300 1505 374 1555 γὰρ
401 1502 570 1555 γένοιτο,
602 1504 774 1545 Φωκέων
799 1504 832 1545 δ’
858 1504 969 1545 ἔλθοι
994 1507 1112 1547 πόλιν

246 1573 429 1610 καλοῖσιν
455 1571 702 1621 ὑμεναίοισιν
730 1570 954 1622 ἀξιουμένη.
1396 1585 1480 1607 1210

144 1638 214 1687 Ορ.
238 1635 322 1686 ἥξει
346 1636 378 1675 δ’
405 1637 444 1678 ἐς
471 1639 601 1680 οἴκους
627 1637 820 1689 Ἑρμιόνη
847 1640 953 1680 τίνος
977 1639 1142 1691 χρόνου,·

243 1703 293 1744 ὡς
319 1703 449 1743 τᾶλλα
475 1703 512 1755 γ’
541 1703 664 1751 εἶπας,
696 1706 804 1757 εἴπερ
833 1704 1118 1758 εὐτυχήσομεν,

243 1768 442 1816 κάλλισθ’,
472 1771 632 1812 ἑλόντες
660 1771 834 1822 σκύμνον
862 1773 1025 1812 ἀνοσίου
1050 1773 1209 1825 πατρός.

143 1838 207 1874 Hx
256 1836 368 1877 *6¹
444 1836 453 1851 '
648 1826 838 1851 Ὓν
877 1839 896 1852 ὦ
1044 1843 1098 1865 »“·

182 1859 192 1874 ι
213 1867 220 1875 .
243 1853 305 1876 και
354 1853 375 1887 η
403 1842 528 1880 πελας
554 1855 614 1878 νιν
641 1840 831 1889 δωματων
859 1853 959 1879 ειναι
985 1842 1085 1880 δοκω

185 1939 269 1967 1190
292 1929 379 1961 τίνος
399 1929 452 1959 M:
478 1930 538 1961 τίν’
558 1932 595 1969 δὴ
617 1931 665 1960 M2
685 1931 808 1972 (voluit
824 1932 857 1963 τί
873 1932 925 1971 δὴ)
1017 1932 1102 1963 εἶπες
1122 1931 1147 1961 L
1306 1940 1389 1970 1192
1413 1933 1477 1962 πᾶν

136 1974 198 2013 ’γὰρ
229 1972 263 2004 ἓν
287 1973 384 2013 φίλον
413 1973 550 2004 MBV:
586 1977 649 2006 πᾶν
675 1977 737 2015 γὰρ
763 1977 797 2007 ἐν
821 1975 928 2015 φίλοις
953 1974 986 2004 in
1011 1974 1162 2013 margine
1189 1974 1237 2005 B:
1269 1976 1332 2006 πᾶν
1354 1976 1416 2016 γὰρ
1442 1973 1476 2006 ἓν

137 2016 244 2055 φίλοις
267 2015 321 2046 A:
354 2019 432 2048 πᾶσι
458 2019 521 2059 ’γὰρ
547 2018 644 2058 φίλον
670 2018 736 2048 LP
765 2018 843 2058 (πᾶν
866 2019 929 2059 ’γὰρ
956 2018 990 2049 ἓν
1015 2021 1109 2048 certe'
1130 2023 1175 2051 Σ;
1207 2018 1304 2058 φίλον
1328 2022 1410 2057 puto
1432 2022 1472 2057 Σ)

140 2068 220 2097 ΙΙ93
245 2059 402 2100 φονεύσης
422 2059 490 2091 VP
669 2063 751 2101 1196
776 2062 945 2094 Μενέλεως
963 2061 1077 2099 ἑλένης
1096 2060 1229 2101 (ἑλένην
1247 2060 1406 2100 primitus
1423 2059 1474 2102 M)

137 2103 249 2134 codd.:
267 2103 338 2134 trai.
357 2103 537 2135 Hermann
552 2116 558 2137 :
579 2105 744 2138 Μενέλαος
759 2105 872 2143 ἑλένης
883 2105 1118 2135 Brubachiana
1132 2116 1138 2135 :
1156 2105 1220 2135 alia
1234 2114 1288 2134 res
1302 2109 1353 2134 est
1367 2114 1397 2134 v.
1411 2114 1472 2134 20:

136 2155 271 2177 versum
289 2147 353 2178 del.
375 2147 493 2179 Nauck
611 2159 690 2188 1197
717 2152 899 2181 πεπτᾶσθαι
916 2147 948 2177 Μ
968 2159 974 2178 :
1000 2159 1086 2179 corr.
1105 2147 1152 2178 M2
1266 2148 1346 2186 1198
1370 2148 1409 2185 ἢν
1426 2146 1472 2188 δ’]

136 2190 194 2221 κᾶν
207 2193 234 2222 δ’
248 2190 297 2223 V:
322 2201 404 2223 corr.
419 2203 439 2222 v
535 2202 618 2232 1199
641 2192 742 2233 σφάξε
757 2192 783 2222 Ρ
875 2202 958 2222 1200
977 2191 1075 2234 παρῇ]
1091 2194 1194 2232 παρῆν
1207 2191 1235 2221 Β
1251 2202 1258 2221 2
1281 2193 1339 2232 ῥυῇ
1355 2190 1474 2221 Nauck

138 2233 192 2270 χὴν
209 2234 308 2266 πολὺς
329 2235 406 2277 ἔλθῃ
426 2237 465 2275 Σ)
588 2246 668 2266 1201
693 2235 830 2276 μαλάξει
848 2235 881 2266 Μ
894 2235 925 2265 Α
1040 2245 1123 2274 1204
1148 2236 1280 2275 ἄρσενος
1296 2234 1357 2264 let
1374 2234 1471 2282 Stob.

135 2275 166 2306 ss.
185 2278 236 2315 67.
258 2289 275 2317 7
371 2284 449 2318 post
467 2290 495 2310 v.
518 2289 600 2318 1204
618 2280 742 2310 evulsis
762 2280 851 2310 soliis
867 2284 943 2310 octo
961 2279 1093 2319 periere
1109 2289 1161 2310 vv.
1184 2287 1375 2326 1205—1595
1391 2287 1425 2307 m
1441 2276 1473 2306 V

140 2328 219 2359 1207
248 2321 294 2360 ἄρ’
313 2322 365 2351 vel
388 2324 425 2363 ἂρ
445 2323 541 2354 codd.
723 2324 806 2354 1208
831 2334 896 2354 om.
916 2323 960 2354 P:
985 2324 1059 2354 add.
1076 2328 1101 2363 p
1219 2322 1238 2360 ἢ
1257 2320 1310 2352 M:
1335 2324 1353 2363 ᾗ
1376 2319 1430 2352 vel
1449 2318 1472 2359 ἧ

139 2362 186 2392 312
198 2363 229 2392 A
243 2363 269 2393 Β
285 2365 309 2394 L
323 2364 349 2394 P
487 2375 568 2405 1213
592 2366 747 2399 κάλλιστ’
767 2367 800 2397 Μ
814 2367 843 2396 Λ
857 2367 883 2397 L
