1658 2740
613 115 960 154 ΕΎῬΙΠΙΔΟΎ

122 252 177 256 —
223 225 330 263 ἀλλὰ
357 223 431 274 γὰρ
458 220 637 273 Κρέοντα
661 219 824 261 λεύσσω
851 220 963 261 τόνδε
989 221 1100 271 δεῦρο
1127 220 1308 270 συννεφῆ

223 293 319 342 πρὸς
345 289 487 339 δόμους
513 288 740 341 στείχοντα,
768 287 909 327 παύσω
929 285 1018 328 τοὺς
1043 289 1299 337 παρεστῶτας
1319 284 1448 337 γόους.

123 393 193 441 Κρ.
289 390 405 439 οἴμοι,
433 389 474 428 τί
496 386 648 440 δράσω;
688 386 820 438 πότερ’
847 385 1013 437 ἐμαυτὸν
1037 381 1060 435 ἢ
1087 385 1205 425 πόλιν
1368 397 1451 428 1310

289 454 415 495 στένω
441 454 650 505 δακρύσας,
677 452 724 504 ἣν
750 451 867 505 πέριξ
887 452 972 505 ἔχει
997 451 1118 504 νέφος

288 521 480 574 [τοιοῦτον
506 522 611 561 ὥστε
636 520 684 560 δι’
713 519 954 573 Ἀχέροντος
981 515 1118 569 ἱέναι;]

291 589 382 639 ἐμός
407 605 449 628 τε
474 589 549 639 γὰρ
575 591 665 628 παῖς
691 590 763 639 γῆς
790 585 913 626 ὄλωλ’
939 585 1182 637 ὑπερθανών,

289 655 461 705 τοῦνομα
484 655 626 704 λαβὼν
651 657 851 706 γενναῖον,
880 652 1043 704 ἀνιαρὸν
1069 651 1100 691 δ’
1129 651 1226 702 ἐμοί·

290 721 334 761 ὃν
359 721 446 772 ἄρτι
472 724 651 771 κρημνῶν
676 721 717 759 ἐκ
745 719 1006 770 δρακοντείων
1031 719 1134 758 ἑλὼν
1370 728 1451 760 13¹5

289 788 526 839 αὐτοσφαγῆ
553 786 745 836 δύστηνος
773 784 925 836 ἐκόμισ’
950 786 993 824 ἐν
1017 787 1164 838 χεροῖν,

290 858 371 908 βοᾷ
396 855 438 894 δὲ
463 855 571 903 δῶμα
597 855 688 893 πᾶν·
727 853 804 904 ἐγὼ
829 851 862 891 δ’
889 851 970 901 ἥκω
993 850 1092 902 μέτα

291 920 418 973 γέρων
443 919 624 971 ἀδελφὴν
649 922 791 971 γραῖαν
817 916 1039 968 Ἰοκάστην,
1068 918 1173 958 ὅπως

292 988 420 1043 λούσῃ
448 986 643 1038 προθῆταί
664 985 698 1025 τ’
723 984 848 1025 οὐκέτ’
876 986 972 1025 ὄντα
996 983 1101 1024 παῖδ’
1128 983 1236 1034 ἐμόν.

292 1057 374 1095 τοῖς
398 1055 472 1105 γὰρ
500 1055 665 1093 θανοῦσι
689 1052 764 1104 χρὴ
790 1051 859 1092 τὸν
886 1052 930 1091 οὐ
955 1050 1172 1101 τεθνηκότα
1372 1062 1457 1093 1320

294 1122 407 1171 τιμὰς
431 1120 589 1160 διδόντα
615 1119 779 1172 χθόνιον
804 1118 991 1169 εὐσεβεῖν
1016 1117 1119 1158 θεόν.

129 1192 201 1228 xo.
296 1186 440 1238 βέβηκ’
467 1185 622 1237 ἀδελφὴ
651 1185 716 1236 σή,
746 1184 894 1237 Κρέων,
923 1183 997 1234 ἔξω
1022 1184 1153 1234 δόμων

296 1255 388 1306 κόρη
414 1270 455 1294 τε
481 1252 625 1304 μητρὸς
651 1252 862 1304 Ἀντιγόνη
889 1255 1004 1305 κοινῷ
1031 1252 1135 1292 ποδί.

131 1325 215 1373 Κρ.’
285 1324 370 1366 ποῖ;
411 1320 502 1360 κάπὶ
528 1319 645 1359 ποίαν
673 1316 904 1370 συμφοράν;
947 1316 1114 1368 σήμαινέ
1139 1333 1218 1367 μοι.

129 1392 201 1428 Xo.
293 1387 439 1437 ἤκουσε
463 1386 581 1426 τέκνα
605 1382 819 1439 μονομάχῳ
844 1383 1007 1435 μέλλειν
1033 1383 1119 1435 δορὶ
1376 1394 1457 1426 1325

298 1456 338 1495 ἐς
364 1452 497 1493 ἀσπίδ’
522 1451 631 1502 ἥξειν
655 1455 882 1502 βασιλικῶν
908 1451 1038 1501 δόμων
1061 1451 1172 1502 ὕπερ.

132 1525 201 1573 Κρ.
297 1523 379 1562 πῶς
405 1517 498 1576 φῄς,·
538 1518 652 1559 νέκυν
677 1535 738 1558 τοι
763 1517 900 1558 παιδὸς
929 1516 1140 1569 ἀγαπάζων
1166 1518 1260 1567 ἐμοῦ

298 1587 365 1626 οὐκ
392 1588 431 1628 ἐς
455 1585 536 1625 τόδ’
562 1584 687 1635 ἦλθον
713 1585 817 1625 ὥστε
844 1584 906 1624 καὶ
933 1583 1017 1624 τάδ’
1045 1583 1200 1624 εἰδέναι.

132 1657 205 1694 Xo.
299 1652 389 1693 ἀλλ’
415 1654 566 1705 οἴχεται
591 1653 663 1702 μὲν
689 1651 740 1701 σὴ
772 1650 986 1703 κασιγνήτη
1012 1649 1150 1691 πάλαι·

301 1723 400 1759 δοκῶ
426 1719 458 1758 δ’
485 1720 619 1771 ἀγῶνα
641 1717 712 1758 τὸν
740 1718 827 1769 περὶ
853 1720 1002 1770 ψυχῆς,
1031 1716 1170 1769 Κρέον,
1377 1728 1460 1758 1330

299 1786 371 1837 ἤδη
398 1788 624 1838 πεπρᾶχθαι
648 1785 763 1825 παισὶ
789 1787 919 1825 τοῖσιν
943 1784 1123 1824 Οἰδίπου.

136 1857 206 1907 Κρ.
299 1854 415 1904 οἴμοι,
442 1852 486 1892 τὸ
510 1854 582 1903 μὲν
609 1856 774 1902 σημεῖον
801 1853 943 1903 εἰσορῶ
968 1849 1070 1896 τόδε,

302 1918 535 1972 σκυθρωπὸν
560 1921 666 1970 ὄμμα
694 1920 756 1959 καὶ
782 1916 997 1970 πρόσωπον
1023 1917 1195 1970 ἀγγέλου

303 1987 548 2039 στείχοντος,
575 1985 618 2028 ὃς
643 1989 721 2026 πᾶν
749 1986 915 2037 ἀγγελεῖ
937 1984 980 2024 τὸ
1007 1984 1217 2036 δρώμενον.

180 2091 259 2119 1307
286 2083 376 2121 δεῦρο
394 2090 458 2111 om.
481 2080 506 2109 L
519 2080 546 2110 P
655 2089 738 2118 1309
761 2077 875 2119 γόους]
893 2077 1011 2118 λόγους
1026 2076 1056 2106 V
1157 2085 1238 2114 1312
1261 2076 1419 2105 τοσοῦτον
1436 2072 1462 2102 L

134 2124 212 2156 ἱέναι
227 2125 252 2154 L
265 2124 291 2154 Ρ
304 2128 338 2154 et
355 2128 378 2156 Σ
398 2123 660 2163 διαπέμπεσθαι)
681 2134 687 2153 :
712 2121 789 2154 ἰέναι
801 2120 889 2152 rest:
906 2131 936 2152 V.
950 2120 1013 2151 del.
1033 2119 1218 2150 Kirchhoff
1306 2126 1386 2156 1313
1402 2119 1463 2156 ’γῆς

136 2178 199 2197 om.
223 2168 270 2197 L:
295 2167 370 2197 add.
390 2168 404 2197 l
530 2175 612 2205 1315
640 2166 780 2206 κρημνὸν
799 2165 825 2194 L
954 2166 989 2196 ἐκ
1007 2163 1081 2196 δὲΡ
1208 2171 1289 2200 1317
1313 2160 1396 2200 μέτα
1414 2159 1463 2190 L:

135 2212 217 2247 μετὰ
234 2211 305 2241 rell.
461 2210 543 2248 1318
573 2209 692 2251 γέρων]
729 2208 881 2240 στέλλων
912 2208 936 2237 L
1068 2217 1149 2246 1319
1180 2204 1300 2246 λούσῃ]
1333 2202 1460 2244 κλαύσῃ

139 2254 163 2283 L
188 2259 220 2284 et
245 2269 296 2296 Ὑρ.
323 2255 354 2285 Μ
496 2263 575 2292 1321
605 2255 752 2289 εὐσεβεῖν
764 2252 803 2283 cf.
816 2251 893 2282 Tro.
909 2252 949 2289 85
1052 2287 1055 2289 Ι
1077 2259 1158 2289 1322
1184 2249 1290 2286 Κρέων
1305 2246 1463 2277 Brunck:

137 2297 228 2337 κρέον
242 2299 339 2329 codd.
458 2296 561 2336 δόμων
583 2296 640 2336 ἔξω
658 2296 756 2337 Κρέον
773 2295 799 2325 Ρ
917 2304 997 2333 1324
1023 2297 1064 2331 πῆ
1081 2293 1106 2323 L
1229 2292 1302 2333 ποίᾳ
1317 2291 1464 2331 συμφορᾷ

138 2341 171 2371 F.
190 2341 229 2371 G.
247 2341 401 2372 Schmidt
494 2350 576 2378 1327
594 2340 704 2371 παιδὸς
722 2340 755 2368 in
773 2348 890 2369 rasura
907 2338 920 2367 l
1009 2347 1089 2376 1334
1115 2335 1191 2376 πᾶν]
1217 2335 1292 2374 ἡμῖν
1319 2334 1345 2364 Ρ
