1658 2740
148 666 187 687 10

249 130 453 177 Ηεριπαθεΐς
485 131 572 176 ἰίγαν
610 131 643 164 αἱ
682 131 862 166 Φοίνισσαι
894 133 935 175 τῇ
970 131 1151 178 τραγῳδίᾳ.
1220 132 1375 167 ἀπώλετο
1408 134 1474 179 γὰρ
1509 134 1526 166 ὁ

204 189 371 235 Κρέοντος
397 190 466 224 υἱὸς
492 189 558 224 ἀπὸ
584 191 645 224 τοῦ
668 189 800 234 τείχους
820 189 904 235 ὑπὲρ
929 191 988 233 τῆς
1004 192 1138 225 πόλεως
1154 189 1343 235 ἀποθανών,
1362 190 1528 227 ἀπέθανον

205 247 241 281 δὲ
258 247 309 281 καὶ
329 247 359 280 οἶ
378 246 437 281 δύο
456 247 604 292 ἀδελφοὶ
621 246 676 282 ὑπ’
694 246 864 291 ἀλλήλων,
884 247 938 282 καὶ
951 247 1104 292 Ἰοκάστη
1120 247 1137 292 ἡ
1149 249 1257 293 μήτηρ
1269 247 1399 283 ἀνεῖλεν
1411 249 1529 294 ἑαυτὴν

205 306 259 339 ἐπὶ
273 307 343 341 τοῖς
355 306 464 349 παισί,
478 305 531 340 καὶ
543 307 573 340 οῖ
591 306 646 340 ἐπὶ
666 305 781 350 Θήβας
799 306 1088 352 στρατευσάμενοι
1104 306 1254 352 Ἀργεῖοι
1272 307 1461 351 ἀπώλοντο,
1475 308 1529 342 καὶ

203 363 337 409 ι’ίταφος
359 363 567 408 Πολυνείκης
587 364 772 410 πρόκειται,
793 364 845 398 καὶ
862 366 880 398 ὁ
900 364 1059 400 Οἷδίπους
1076 366 1134 408 τῆς
1147 365 1308 410 πατρίδος
1325 365 1530 408 ἐκβάλλεται

205 423 256 455 καὶ
268 421 333 456 σὺν
346 423 435 469 αὐτῷ
448 421 466 465 ἡ
482 422 630 468 θυγάτηρ
643 421 829 468 Ἀντιγόνη.
879 423 953 457 ἔστι
966 423 1001 457 δὲ
1015 423 1053 458 τὸ
1066 423 1174 468 δρᾶμα
1189 422 1242 457 καὶ
1252 424 1530 469 πολυπρόσωπον

203 480 256 514 καὶ
273 484 412 526 γνωμῶν
430 481 556 525 μεστὸν
570 482 710 516 πολλῶν
728 496 764 515 τε
783 481 835 515 καὶ
854 483 976 516 καλῶν.

250 539 296 572 Τὸ
313 539 423 584 δρᾶμα
441 539 518 574 ἐστι
537 538 597 584 μὲν
614 541 689 574 ταῖς
705 541 877 584 σκηνικαῖς
894 538 1003 585 ὕψεσι
1022 541 1137 584 καλόν,
1152 539 1224 574 ἐπεὶ
1238 539 1291 574 καὶ
1306 541 1532 586 παραπληρω·

204 595 354 640 ματικόν.
405 596 427 641 ἥ
449 612 485 632 τε
512 596 577 632 ἀπὸ
602 600 668 631 τῶν
692 596 833 640 τειχέων
859 598 1034 642 Ἀντιγόνη
1060 597 1236 642 θεωροῦσα
1259 597 1360 642 μέρος
1383 597 1441 632 οὐκ
1457 599 1531 632 ἔστι

206 654 388 699 δράματος,
407 655 459 688 καὶ
478 655 694 689 ὑπόσπονδος
712 654 918 698 Πολυνείκης
935 655 1068 690 οὐδενὸς
1089 654 1183 688 ἕνεκα
1206 656 1435 701 παραγίνεται,
1460 654 1478 688 ὅ
1497 670 1531 689 τε

204 712 257 745 ε’πὶ
280 714 366 747 πᾶσι
393 710 463 755 μετ’
483 710 570 757 ᾠδῆς
589 711 783 756 ἀδολέσχου
801 712 1077 757 φυγαδευόμενος
1096 711 1255 747 Οἷδίπους
1271 713 1531 758 προσέρραπται

205 767 718 814 δαῃήε[ΜΑΒνΨΠ

738 853 1004 890 ΧΡΗΣΜΟΣ

301 919 381 952 Λάιε
408 917 615 961 Λαβδακίδη,
641 917 771 951 παίδων
796 917 894 961 γένος
918 917 1041 959 ὄλβιον
1066 918 1181 954 αι’τεῒς·

301 977 407 1021 τέξεις
433 977 494 1020 μὲν
520 976 626 1021 φίλον
646 977 729 1020 υἱόν,
755 976 840 1022 ἀτὰρ
865 977 944 1011 τόδε
970 991 1027 1011 σοι
1053 978 1159 1022 μόρος
1185 979 1296 1022 ἔσται,

303 1035 421 1070 παιδὸς
447 1036 504 1069 ἑοῦ
530 1035 687 1079 χείρεσσι
708 1036 818 1069 λιπεῖν
843 1035 932 1076 βίον·
966 1035 1010 1070 ὣς
1034 1035 1100 1080 ’γὰρ
1126 1036 1240 1070 ἔνευσε

302 1094 382 1129 Ζεὺς
410 1093 573 1135 Κρονίδης
599 1093 758 1127 Πέλοπος
782 1094 964 1139 στυγεραῖς
990 1091 1107 1138 ἀραῖσι
1132 1092 1291 1138 πιθήσας,

301 1151 340 1186 οὗ
366 1152 472 1198 φίλον
498 1151 654 1196 ἥρπασας
679 1152 761 1185 υἱόν·
795 1152 813 1184 ὁ
840 1150 868 1184 δ’
897 1151 1019 1195 ηὔξατο
1044 1152 1100 1186 σοὶ
1126 1152 1206 1186 τάδε
1232 1152 1351 1186 πάντα.

1282 1209 1339 1256 [Μ
1355 1210 1388 1245 A
1401 1210 1429 1244 B
1442 1210 1476 1245 v
1489 1208 1533 1255 Ρ]

490 1283 563 1321 TO
601 1283 714 1320 THE
751 1283 985 1321 ΣΦΙΓΓΟΣ
1020 1283 1255 1321 AINIFMA

302 1350 377 1384 ἔστι
404 1349 523 1384 δίπουν
547 1348 601 1382 ἐπὶ
627 1349 688 1393 ’γῆς
709 1347 761 1382 καὶ
785 1349 965 1392 τετράπον,
991 1346 1029 1382 οὗ
1055 1348 1113 1392 μία
1139 1347 1246 1392 φωνή,

305 1409 357 1442 καὶ
381 1406 512 1452 τρίπον·
548 1406 721 1440 ἀλλάσσει
748 1406 784 1440 δὲ
811 1406 901 1450 φυὴν
926 1407 1039 1450 μόνον,
1067 1404 1147 1441 ὅσσ’
1173 1406 1228 1440 ἐπὶ
1253 1407 1352 1452 γαῖαν

303 1466 424 1509 ἑρπετὰ
450 1465 598 1511 ’γίνονται
625 1464 684 1498 ἀνά
710 1465 737 1497 τ’
764 1464 881 1509 αἰθέρα
906 1464 958 1499 καὶ
985 1465 1066 1499 κατὰ
1090 1465 1227 1500 πόντον.

301 1524 378 1559 ἀλλ’
405 1525 533 1559 ὁπόταν
558 1524 766 1558 πλεόνεσσιν
793 1522 1001 1568 ἐρειδόμενον
1025 1522 1108 1557 ποσὶ
1134 1523 1244 1566 βαίνῃ,

300 1583 378 1618 ἔνθα
403 1584 500 1628 μένος
525 1582 674 1627 γυίοισιν
700 1582 934 1628 ἀφαυρότερον
959 1582 1056 1617 πέλει
1082 1581 1194 1616 αὐτοῦ.

1146 1638 1535 1684 [ΜΒνΡαΣψφ]

253 1733 269 1762 7
293 1725 427 1763 ’γνωμῶν
443 1722 565 1761 μεστὸν
584 1723 717 1752 πολλῶν
728 1735 763 1752 τε
776 1722 826 1752 καὶ
842 1724 950 1752 καλῶν
963 1719 1079 1750 Nauck
1095 1731 1102 1751 :
1117 1722 1253 1761 ’γνωμῶν
1268 1722 1400 1751 πολλῶν
1415 1718 1537 1757 μεστόν

207 1780 243 1797 τε
268 1768 316 1798 καὶ
343 1769 450 1797 καλῶν
474 1765 545 1795 sere
574 1763 605 1794 M
622 1764 653 1793 A
668 1764 758 1794 BV:
794 1767 927 1796 πολλῶν
953 1767 1088 1805 ’γνωμῶν
1108 1777 1145 1795 τε
1171 1765 1220 1795 καὶ
1243 1765 1351 1794 καλῶν
1371 1761 1493 1802 μεστόν
1513 1762 1538 1792 Ρ

206 1811 293 1840 8-12
317 1810 354 1840 τὸ
372 1811 472 1849 δρὶἱμα
488 1832 495 1839 .
516 1831 523 1839 .
543 1831 550 1839 .
571 1808 621 1839 διὰ
639 1809 733 1845 κενῆς
750 1817 815 1839 om.
838 1807 865 1837 P
978 1808 998 1836 8
1016 1806 1162 1847 ἐπεὶκαὶ]
1181 1806 1250 1837 ἔστι
1269 1805 1304 1838 δὲ
1318 1807 1538 1838 ἐπεισοδιῶδες

207 1855 257 1885 καὶ
286 1851 463 1882 Wecklein
641 1861 675 1881 11
703 1850 939 1892 προσέρραπται
965 1851 1156 1889 Tyrxvhitt:
1188 1848 1413 1891 προσέρριπται
1441 1849 1536 1879 codd.

211 1906 248 1926 12
266 1898 357 1933 κενῆς
375 1894 518 1925 novicii:
542 1897 635 1926 κενοῦ
659 1895 754 1925 codd.
871 1905 908 1934 13
933 1895 996 1925 hoc
1022 1894 1193 1925 oraculum
1218 1898 1252 1923 et
1276 1893 1366 1932 quod
1390 1892 1537 1931 sequitur

208 1939 361 1978 aenigma
379 1943 512 1968 exstant
530 1938 630 1968 etiam
651 1939 683 1968 in
706 1939 801 1971 Laur.
824 1939 927 1969 xxxii.
949 1950 969 1978 9
987 1940 1019 1970 in
1038 1939 1102 1968 fine
1117 1938 1202 1970 Oed.
1225 1938 1309 1976 Reg.
1327 1935 1538 1976 Sophocleae

209 1988 242 2013 et
255 1983 286 2012 in
303 1981 405 2013 Anth·
423 1981 491 2011 Pal·
507 1982 571 2012 xiv.
590 1983 642 2021 67,
659 1984 700 2021 64
794 1992 830 2021 15
851 1983 941 2014 δώσω
961 1997 1009 2014 τοι
1027 1983 1123 2022 φίλον
1139 1982 1214 2014 vc‘o‘u·
1235 1982 1315 2021 ἀτὰρ
1332 1980 1537 2022 πεπρωμένον

210 2028 299 2058 ἐστὶν
310 2025 414 2056 Anth.
433 2025 501 2056 Pal.
517 2030 550 2056 et
567 2027 663 2057 Laur.
679 2027 782 2058 xxxii.
797 2038 817 2066 9
901 2028 938 2056 16
955 2027 1063 2058 παιδὸς
1075 2025 1143 2066 ἑοῦ]
1156 2028 1213 2057 σοῦ
1223 2026 1333 2057 παιδὸς
1344 2023 1449 2055 Anth.
1465 2023 1534 2055 Pal.

208 2075 241 2100 et
256 2070 352 2100 Laur.
374 2069 477 2099 xxxii.
496 2081 517 2110 9
611 2070 696 2109 Blov]
717 2071 796 2110 φάος
811 2069 914 2101 Anth.
937 2069 1005 2100 Pal.
1021 2074 1054 2100 et
1073 2069 1167 2100 Laur.
1186 2069 1320 2108 xxxii.9
1410 2068 1535 2108 ἔνευσε]

210 2113 324 2145 ἔνεσπε
341 2113 371 2142 V
512 2125 615 2154 19-24
642 2113 811 2153 Aenigma
829 2115 891 2144 hoc
909 2118 1019 2144 exstat
1036 2113 1135 2143 etiam
1154 2113 1186 2143 in
1210 2117 1234 2147 Σ
1251 2112 1292 2143 ad
1309 2123 1340 2143 v.
1364 2121 1407 2150 50
1425 2111 1537 2150 (codd.

211 2156 243 2186 M
258 2156 283 2185 B
295 2157 325 2186 V
357 2157 571 2199 Taurinensi)
606 2163 639 2189 et
672 2158 760 2197 apud
793 2157 916 2188 Athen.
947 2167 980 2188 x.
1006 2167 1036 2196 p.
1065 2157 1129 2195 456
1146 2156 1173 2187 B
1192 2166 1200 2187 t
1230 2155 1455 2195 Asclepiadae
1481 2154 1536 2185 tri-

209 2200 321 2230 buitur
339 2201 368 2230 in
388 2201 415 2230 B
435 2208 467 2232 et
486 2207 509 2235 Σ
655 2212 697 2231 20
719 2203 783 2241 ’γῆν
802 2201 833 2230 Μ
846 2201 876 2230 V
983 2200 1143 2241 τετράπον
1160 2204 1206 2234 Στ
1237 2199 1416 2240 τετράπουν
1436 2198 1533 2229 codd.

208 2253 246 2272 21
274 2245 406 2285 τρίπουν
421 2245 453 2275 Μ
466 2244 495 2274 V
588 2245 671 2283 φυὴν
682 2244 818 2274 evanuit
830 2244 861 2273 in
876 2243 906 2273 V
921 2255 928 2274 t
953 2244 1061 2285 φωνὴν
1076 2243 1103 2273 Β
1120 2255 1125 2275 ;
1151 2243 1232 2281 βοὴν
1251 2243 1350 2274 Laur.
1369 2240 1473 2272 xxxii.
1493 2252 1535 2280 9:

209 2287 306 2327 φύσιν
331 2288 457 2318 Athen.
480 2292 513 2318 et
538 2292 572 2327 Σ,
591 2288 650 2318 sed
675 2287 728 2317 hic
753 2287 850 2326 μόνον
875 2287 972 2328 φύσιν
988 2287 1140 2318 scribens
1237 2296 1277 2316 22
1300 2286 1446 2327 γίνονται
1464 2284 1535 2314 fere

211 2330 242 2359 M
259 2331 284 2360 Γ)
303 2343 309 2361 :
333 2332 461 2371 γίνηται
476 2331 579 2361 Anth.
596 2331 665 2360 Pal.
681 2335 714 2360 et
729 2330 826 2360 Laur.
842 2331 943 2361 xxxii.
957 2341 978 2369 9
993 2341 1000 2361 :
1015 2330 1141 2371 ’γίνεται
1152 2334 1175 2363 Σ
1193 2340 1200 2360 :
1225 2332 1356 2361 κινεῖται
1371 2327 1532 2358 Musurus

211 2375 269 2406 ἀνά
291 2373 339 2414 τ’]
363 2376 411 2406 καὶ
433 2375 479 2405 ἀν’
496 2374 621 2404 Athen.
755 2383 796 2411 23
820 2372 1034 2414 πλεόνεσσιν]
1059 2373 1264 2404 πλείστοισιν
1287 2371 1391 2403 Anth.
1412 2371 1480 2401 Pal.
1499 2375 1532 2400 et

211 2418 336 2448 Athen.
359 2422 392 2448 ct
411 2417 506 2448 Laur.
526 2417 629 2448 xxxii.
649 2427 689 2455 9:
713 2419 895 2457 τρισσοῖσιν
913 2421 937 2449 Σ
997 2412 1011 2422 ’
