1658 2740
651 109 993 147 ΕΎΡῙΠΙΔΟΎ

254 214 278 254 ἃ
303 215 378 266 γὰρ
405 212 597 264 καθήσειν
624 214 716 254 ὅπλ’
743 213 914 264 ἔμελλεν
940 215 994 254 εἰς
1020 212 1110 259 ἅλα,
1404 226 1486 258 1375

254 279 362 320 ταῦτ’
392 281 584 331 ἐμβαλὼν
611 280 784 333 πόρπακι
808 280 995 332 γενναίαν
1020 278 1119 334 χέρα

255 346 371 389 αὐτὸς
397 347 546 398 κομίζει
573 347 666 400 δόρυ
690 364 732 387 τε
758 346 866 402 δεξιᾷ
890 347 1044 397 λαβών,

258 413 309 455 ὡς
333 417 384 468 τῷ
413 413 574 454 θανόντι
599 413 744 468 χάριτα
770 413 814 464 δὴ
842 417 1106 455 συνεκπονῶν.

254 480 451 533 προύργου
477 480 510 521 δ’
538 482 577 523 ἐς
604 481 730 531 ἀλκὴν
757 480 856 531 σῶμ’
881 481 1023 523 ὅπλοις
1047 479 1269 531 ἠσκήσατο,

255 548 305 588 ὡς
329 547 551 599 βαρβάρων
577 548 748 599 τρόπαια
772 548 919 599 μυρίων
943 547 1030 600 χερὶ
1405 553 1488 592 1380

254 613 401 664 θήσων,
430 615 525 654 ὅταν
551 617 730 666 κωπῆρες
757 616 944 665 ἐσβῶμεν
969 614 1137 667 σκάφος,

255 680 429 722 πέπλους
455 681 487 721 δ’
514 680 712 733 ἀμείψασ’
739 681 826 721 ἀντὶ
852 683 1078 733 ναυφθόρου
1104 684 1254 731 στολῆς

253 747 330 799 ἐγώ
356 764 417 787 νιν
443 747 664 797 ἐξήσκησα,
695 747 756 786 καὶ
780 751 959 799 λουτροῖς
983 749 1085 800 χρόα

254 814 390 859 ἔδωκα,
419 815 562 866 χρόνια
588 815 732 865 νίπτρα
758 816 951 864 ποταμίας
977 815 1136 865 δρόσου.

255 880 358 926 ἀλλ’,
387 881 532 935 ἐκπερᾷ
557 882 633 933 γὰρ
661 880 852 931 δωμάτων
877 881 897 919 ὁ
921 881 1011 923 τοὺς
1036 881 1152 932 ἐμοὺς
1407 886 1488 925 1385

254 946 401 999 γάμους
426 948 605 998 ἑτοίμους
634 948 675 988 ἐν
701 951 836 1000 χεροῖν
861 947 969 1000 ἔχειν
995 951 1133 994 δοκῶν,

255 1013 441 1066 σιγητέον
465 1031 544 1065 μοι·
585 1014 648 1054 καὶ
676 1016 724 1054 σὲ
749 1014 1073 1066 προσποιούμεθα

256 1081 392 1121 εὔνουν
419 1084 574 1133 κρατεῖν
599 1098 641 1121 τε
669 1081 881 1131 στόματος,
908 1077 955 1130 ἢν
981 1082 1184 1132 δυνώμεθα

257 1147 452 1189 σωθέντες
478 1147 586 1188 αὐτοὶ
615 1148 677 1188 καὶ
704 1149 751 1188 σὲ
777 1149 989 1188 συνσῶσαί
1011 1164 1116 1189 ποτε.

156 1217 228 1255 Θε.
254 1213 410 1268 χωρεῖτ’
436 1213 594 1266 ἐφεξῆς,
624 1214 675 1257 ὡς
700 1213 838 1264 ἔταξεν
864 1215 884 1253 ὁ
909 1214 1032 1265 ξένος,
1407 1228 1489 1259 1390

255 1285 390 1332 δμῶες,
419 1280 609 1334 φέροντες
637 1280 776 1322 ἐνάλια
803 1281 1053 1332 κτερίσματα.

254 1346 414 1398 Ἑλένη,
443 1348 493 1389 σὺ
519 1348 563 1394 δ’,
592 1348 640 1399 ἤν
667 1365 732 1388 σοι
756 1347 809 1399 μὴ
836 1352 961 1390 κακῶς
987 1347 1086 1398 δόξω
1111 1348 1261 1400 λέγειν,

255 1416 403 1461 πείθου,
430 1414 514 1466 μέν’
541 1415 672 1455 αὐτοῦ·
711 1415 834 1456 ταύτὰ
858 1417 933 1467 γὰρ
958 1415 1139 1467 παροῦσά
1165 1432 1208 1456 τε

256 1482 416 1534 πράξεις
440 1482 509 1522 τὸν
534 1482 656 1534 ἄνδρα
682 1482 751 1522 τὸν
778 1481 850 1522 σὸν
875 1481 923 1532 ἤν
947 1499 990 1522 τε
1014 1499 1066 1533 μη
1092 1487 1230 1539 παρῇς.

256 1549 411 1589 δέδοικα
436 1548 511 1601 γάρ
537 1566 585 1590 σε
609 1548 662 1600 μή
687 1566 746 1591 τις
773 1549 958 1600 ἐμπεσὼν
983 1549 1105 1590 πόθος
1405 1561 1487 1594 1395

257 1617 378 1672 πείσῃ
402 1619 577 1667 μεθεῖναι
606 1615 705 1666 σῶμ’
733 1618 772 1658 ἐς
797 1616 912 1667 οἶδμα
936 1616 1097 1656 πόντιον

257 1700 323 1723 του
348 1683 522 1735 πρόσθεν
549 1682 690 1734 ἀνδρὸς
717 1682 880 1736 χάρισιν
906 1682 1247 1735 εκπεπληγμενην·

257 1749 358 1801 ἄγαν
383 1767 456 1801 γαρ
483 1749 600 1789 αὐτὸν
627 1749 671 1789 οὐ
697 1750 859 1802 παρόνθ’
885 1750 990 1801 ὅμως
1015 1748 1181 1792 στένεις.

160 1820 232 1856 Ελ.
258 1814 287 1855 ὼ
314 1816 444 1858 καιιὸς
469 1817 561 1867 ἡμῖν
587 1817 716 1863 πόσις,
746 1817 968 1868 ἀναγκαίως
994 1817 1078 1869 ἔχει

257 1884 303 1923 τὰ
329 1900 462 1935 πρωτα
486 1883 632 1935 λέκτρα
658 1882 853 1936 νυμφικάς
879 1883 913 1923 θ’
939 1884 1096 1934 ὁμιλιας
1401 1897 1489 1928 1400

257 1953 384 2001 τιμᾶν·
423 1951 501 2002 ἐγὼ
527 1952 569 1991 δὲ
596 1952 659 1990 διὰ
685 1951 730 1990 τὸ
755 1953 827 2001 μὲν
853 1950 1036 2003 στέργειν
1062 1950 1183 1991 πόσιν

203 2044 286 2082 1376
309 2042 447 2084 πόρπακι
466 2042 633 2074 Victorius
649 2055 655 2074 :
680 2044 792 2085 ὅρπακι
812 2043 837 2073 L
855 2054 861 2073 :
883 2043 995 2084 ὕρπακι
1014 2042 1040 2072 P
1130 2043 1212 2082 1378
1237 2045 1330 2080 δῆθεν
1347 2044 1488 2075 ἐκπονῶν

157 2087 251 2128 χάριν
270 2087 486 2117 Herwerden
617 2088 697 2126 1381
725 2087 856 2124 στήσων
873 2096 1063 2125 anonymus
1184 2087 1347 2125 εἷσβῶμεν
1358 2097 1394 2116 ᾗ*
1410 2086 1488 2118 σκά-

157 2138 214 2170 φος
232 2130 258 2161 P
277 2142 282 2160 :
308 2133 466 2170 εἷσβῶμεν
485 2132 527 2163 εἷς
545 2131 668 2172 σκάφος
687 2131 712 2160 L
878 2130 960 2169 1382
976 2140 1026 2169 sq.
1053 2129 1187 2169 ἀμείψας
1211 2153 1218 2160 .
1245 2151 1255 2161 .
1283 2152 1290 2159 .
1315 2129 1384 2170 ἇγώ
1402 2129 1488 2160 LP:

158 2183 242 2204 corr.
272 2174 413 2204 Pierson
591 2175 670 2213 1387
689 2184 739 2213 sq.
767 2173 909 2203 fortasse
933 2173 1174 2214 προσποιούμεθ’
1201 2172 1236 2204 εὖ
1268 2172 1272 2215 Ι
1303 2175 1411 2205 νοεΐνι
1445 2173 1486 2204 cf.

157 2217 244 2247 Xen.
270 2217 350 2255 Cyr.
370 2218 388 2247 i.
412 2218 449 2247 18
584 2220 741 2258 κρατῆσαι
766 2217 927 2256 στόματος
952 2216 1155 2247 Heimsoeth
1292 2225 1373 2256 1393
1396 2218 1488 2248 πιθοῦ

159 2260 308 2291 Dindorf
403 2261 462 2301 μὲν
481 2261 506 2291 Ρ
525 2273 530 2291 :
556 2271 641 2291 corr.
658 2266 683 2300 p
789 2270 867 2298 1394
893 2260 1011 2300 πράξῃς
1030 2260 1076 2290 Ρ;
1101 2265 1224 2300 corr.p
1330 2269 1409 2298 1397
1437 2261 1487 2291 e'tc-

157 2304 389 2344 πεπληγμένου
409 2304 434 2334 Ρ
605 2305 688 2343 1398
711 2302 842 2344 παροῦσ’
859 2303 972 2333 Vitelli
1142 2313 1224 2342 1399
1247 2303 1354 2336 καινὸς
1371 2302 1464 2333 Beck
1479 2313 1486 2332 :

157 2349 282 2378 κλεινὸς
304 2347 328 2376 L
344 2347 370 2376 P
