1658 2740
661 134 843 173 ΕΎΡΙΠ
862 134 1007 171 ΙΔΟΎ

472 257 566 281 ποτε
593 240 886 293 κεραυνόβολος
912 238 1025 279 ἔλιπε
1051 237 1189 290 φλόγα

538 308 638 348 Δίου
662 309 855 359 βροντᾶς;

404 375 532 416 δίκετε
557 374 704 415 πεδόσε
728 373 897 425 τρομερὰ
923 371 1088 422 σώματα
1434 373 1499 405 600

472 442 610 487 δίκετε,
639 439 854 481 Μαινάδες
893 439 913 478 ὁ
938 439 1013 491 γὰρ
1038 436 1142 487 ἄναξ

403 507 483 548 ἄνω
511 507 612 548 κάτω
637 507 757 549 τιθεὶς
781 507 912 547 ἔπεισι

469 573 649 626 μέλαθρα
672 573 764 614 τάδε
792 573 888 615 Διὸς
913 573 1042 625 γόνος.

169 680 231 715 Aa.
267 674 470 726 βάρβαροι
497 678 693 726 γυναῖκες,
725 674 846 714 οὕτως
875 669 1195 723 ἐκπεπληγμέναι
1220 670 1338 724 φόβῳ

267 744 362 793 πρὸς
387 740 490 795 πέδῳ
517 739 763 786 πεπτώκατ’,·
802 738 989 795 ᾔσθησθ’,
1014 738 1064 779 ὡς
1089 738 1203 782 ἔοικε,
1227 737 1401 789 Βακχίου
1440 738 1502 778 605

267 807 561 858 διατινάξαντος
588 808 730 858 Ῠδῶμα
757 804 956 847 Πενθέως·
995 804 1086 845 ἀλλ’
1114 798 1377 854 ἐξανίστατεῗ

269 878 384 925 σῶμα
410 875 472 915 καὶ
498 877 683 927 θαρσεῖτε
714 872 861 926 σαρκὸς
888 870 1158 924 ἐξαμείψασαι
1181 869 1338 922 τρόμον.

169 944 242 982 xo.
277 939 306 981 ὦ
333 940 434 994 φάος
457 940 650 994 μέγιστον
674 940 768 992 ἡμῖν
798 940 902 982 εὐίου
927 937 1218 992 βακχεύματος,

271 1008 321 1050 ὡς
347 1010 502 1049 ἐσεῖδον
529 1007 681 1059 ἀσμένη
711 1025 771 1054 σε,
801 1005 938 1058 μονάδ’
966 1003 1101 1059 ἔχουσ’
1126 1003 1302 1056 ἐρημίαν.

173 1079 237 1116 Δι.
275 1076 328 1117 εἰς
354 1076 517 1126 ἀθυμίαν
545 1074 744 1128 ἀφίκεσθ’,
773 1073 874 1125 ἡνίκ’
904 1071 1214 1123 εἰσεπεμπόμην,
1439 1075 1505 1106 610

271 1141 456 1184 Πενθέως
481 1142 533 1184 ὡς
561 1143 601 1184 ἐς
626 1143 838 1182 σκοτεινὰς
866 1139 1036 1192 ὁρκάνας
1061 1138 1325 1189 πεσούμενος,·

175 1212 245 1250 Χο.
277 1212 358 1251 πῶς
400 1211 474 1261 γὰρ
513 1209 575 1255 οὕ;
632 1209 691 1251 τίς
734 1225 800 1259 μοι
849 1205 987 1259 φύλαξ
1028 1204 1088 1256 ἧν,
1129 1206 1161 1246 εἰ
1203 1204 1255 1246 σὺ
1299 1206 1507 1257 συμφορᾶς

406 1275 560 1330 τύχοις,·

275 1344 381 1384 ἀλλὰ
406 1346 488 1384 πῶς
512 1341 789 1394 ἠλευθερώθης
816 1342 956 1394 ἀνδρὸς
983 1340 1146 1381 ἀνοσίου
1172 1338 1323 1393 τυχών,·

178 1415 241 1450 Δι.
273 1410 388 1452 αὐτὸς
414 1408 583 1464 ἐξέσῳσ’
610 1408 779 1460 ἐμαυτὸν
804 1409 947 1463 ῥᾳδίως
974 1406 1066 1448 ἄνευ
1090 1407 1224 1447 πόνου.

177 1481 248 1517 Xo.
281 1476 369 1517 οὐδέ
394 1492 467 1517 σου
493 1478 651 1528 συνῆψε
677 1479 787 1529 χεῖρε
813 1476 1039 1526 δεσμίοισιν
1064 1474 1106 1515 ἐν
1131 1473 1319 1527 βρόχοις,·
1448 1475 1510 1516 615

178 1550 242 1584 Δι.
272 1547 392 1584 ταῦτα
419 1543 480 1583 καὶ
507 1541 714 1594 καθύβρισ’
741 1541 873 1588 αὐτόν,
902 1542 962 1582 ὅτι
988 1558 1037 1593 με
1063 1540 1269 1592 δεσμεύειν
1295 1542 1421 1580 δοκῶν

275 1609 355 1651 οὔτ’
381 1610 512 1662 ἔθιγεν
537 1607 618 1650 οὔθ’
644 1608 769 1661 ἥψαθ’
795 1609 917 1660 ἡμῶν,
949 1608 1111 1648 ἐλπίσιν
1135 1606 1167 1647 δ’
1197 1607 1405 1658 ἐβόσκετο.

276 1680 372 1729 πρὸς
398 1676 565 1728 φάτναις
591 1677 633 1716 δὲ
657 1679 799 1728 ταῦρον
833 1675 968 1728 εὑρών,
994 1674 1037 1715 οὗ
1070 1672 1241 1726 καθεῖρξ’
1265 1674 1367 1725 ἡμᾶς
1391 1672 1511 1725 ἄγων,

277 1746 376 1798 τῷδε
402 1743 488 1795 περὶ
514 1743 689 1797 βρόχους
720 1743 875 1794 ἔβαλλε
902 1741 1048 1794 γόνασι
1073 1741 1135 1782 καὶ
1164 1743 1310 1795 χηλαῖς
1334 1743 1479 1786 ποδῶν,

278 1810 398 1861 θυμὸν
426 1810 612 1857 ἐκπνέων,
641 1811 787 1862 ἱδρῶτα
814 1809 996 1861 σώματος
1027 1808 1183 1859 στάζων
1208 1807 1298 1854 ἄπο,
1451 1810 1517 1842 620

279 1879 462 1930 χείλεσιν
488 1876 617 1919 διδοὺς
643 1877 822 1919 ὀδόντας·
864 1877 1038 1927 πλησίον
1064 1875 1095 1916 δ’
1122 1876 1199 1928 ἐγὼ
1225 1875 1359 1927 παρὼν

226 1972 293 2011 598
334 1970 568 2011 κεραυνοβόλος
605 1969 689 2002 LP:
732 1975 802 2001 tum
843 1971 918 2002 Διὸς
958 1969 1080 2010 βρονταί
1121 1968 1336 2007 Hervagiana
1370 1967 1518 1998 secunda

181 2026 246 2055 599
267 2016 408 2055 βροντῆς
427 2014 454 2044 L
572 2015 637 2045 600
653 2014 796 2046 πεδόσσε
817 2014 973 2053 primitus
992 2013 1017 2043 L
1108 2014 1242 2051 σώματα
1256 2011 1367 2043 Schol.
1388 2010 1515 2042 Phoen.

181 2060 241 2097 641
267 2058 392 2099 (δίκετε
412 2059 550 2099 τρομερὰ
571 2058 718 2097 σώματα)
740 2062 773 2088 et
796 2056 907 2096 Etym.
930 2056 972 2087 M.
996 2067 1068 2096 279.
1098 2066 1141 2087 20
1159 2056 1279 2096 (δίκετε
1297 2057 1394 2087 παῖδα
1414 2054 1519 2087 δίκετε

181 2103 324 2143 τρομερὰ
349 2102 484 2136 σώματα
503 2101 653 2141 μαινάδες
679 2101 797 2131 ordine
815 2101 994 2131 verborum
1018 2100 1156 2130 sortasse
1180 2098 1357 2138 meliore):
1391 2098 1521 2138 δώματα

184 2146 209 2176 L
227 2146 252 2175 P
378 2146 442 2175 602
459 2145 539 2177 τίθει
556 2145 581 2175 Ρ
696 2146 761 2184 603
777 2144 872 2185 ’γόνος
891 2143 1034 2176 διόνυσος
1053 2143 1079 2173 L
1164 2143 1228 2181 605
1252 2143 1434 2174 πεπτώκαθ’
1453 2141 1479 2171 L
1494 2140 1521 2171 P

183 2187 322 2227 ’ἥσθη*θ’
336 2188 478 2219 Lnunc:
497 2188 630 2231 ᾔσθεσθ’
646 2188 772 2218 Canter
850 2188 917 2218 606
939 2189 980 2219 τὰ
994 2186 1134 2219 Πενθέως
1147 2186 1266 2225 δώματ’
1279 2188 1314 2218 ἐκ
1327 2188 1354 2217 δ’
1366 2185 1521 2217 ἀνίστατε

185 2238 259 2271 post
284 2232 515 2271 Musgravium
534 2231 762 2262 Wilamowitz
910 2232 974 2270 607
1000 2231 1115 2272 σαρκὸς
1139 2229 1286 2260 Reiske:
1313 2228 1431 2270 σάρκας
1454 2228 1480 2258 L
1495 2227 1521 2258 P

184 2277 248 2306 612
277 2289 328 2314 μοι
350 2275 375 2305 Ρ
392 2280 425 2306 et
442 2285 610 2315 suprascr.
632 2275 680 2307 L:
705 2288 764 2315 μου
784 2275 810 2305 L
924 2274 1028 2315 τύχας
1046 2273 1072 2303 Ρ
1180 2275 1244 2312 613
1270 2272 1482 2314 ἐλευθερώθης
1496 2270 1522 2300 Ρ

186 2318 315 2358 τυχών]
336 2318 480 2350 sortasse
497 2322 609 2360 μυχῶν
696 2321 760 2358 615
777 2321 867 2359 χεῖρε
884 2318 1019 2348 Nauck:
1037 2320 1133 2358 χεῖρα
1150 2317 1175 2347 L
1191 2316 1217 2347 P
1292 2317 1356 2346 618
1380 2312 1520 2355 naOerp-y'

190 2361 374 2393 Wecklein
470 2364 534 2402 619
559 2363 659 2400 ἔβαλε
678 2362 704 2392 Ρ
807 2364 867 2392 621
895 2360 921 2393 δ’
941 2361 987 2392 P:
1010 2361 1042 2402 γ’
1063 2361 1088 2391 L
