1658 2740
676 117 1003 154 ΦΟΙΝΙΣΣΑΙ

181 223 256 260 Πα.
274 221 331 270 εἴη
358 219 451 266 τάδ’,
479 217 508 259 ὦ
539 224 621 261 παῖ.
693 219 767 260 σὺν
792 220 878 276 δίκῃ
905 219 937 258 δ’
962 220 1101 270 ἥκουσι
1127 222 1214 272 γῆν·

277 286 297 325 ὃ
324 287 386 327 καὶ
412 287 567 327 δέδοικα
590 286 642 338 μὴ
670 286 848 327 σκοπῶσ’
875 287 1001 338 ὀρθῶς
1025 287 1120 327 θεοί.
1443 303 1503 332 155

179 356 249 394 Αν.
408 357 482 394 ποῦ
507 353 540 392 δ’
565 352 607 395 ὃς
632 353 717 404 ἐμοὶ
743 356 833 404 μιᾶς
859 352 1007 405 ἐγένετ’
1034 355 1076 393 ἐκ
1100 353 1247 405 ματρὸς

542 420 752 474 πολυπόνῳ
775 421 911 473 μοίρᾳ,·

276 484 305 527 ὦ
333 486 504 540 φίλτατ’,
533 486 630 533 εἰπέ,
657 490 732 527 ποῦ
758 485 837 526 ’στι
863 486 1122 537 Πολυνείκης,
1150 487 1279 540 γέρον.

178 555 256 594 Πα.
274 555 422 596 ἐκεῖνος
448 555 547 594 ἑπτὰ
570 552 777 605 παρθένων
801 552 931 606 τάφου
956 552 1080 594 πέλας
1334 597 1336 599 ,

275 621 431 671 Νιόβης
455 619 663 674 Ἀδράστῳ
688 620 863 670 πλησίον
887 624 1146 672 παραστατεῖ.
1445 626 1505 656 160

275 687 387 741 ὁρᾷς;
526 689 595 726 Αν.
666 686 741 737 ὁρῶ
768 685 850 736 δῆτ’
876 685 920 726 οὐ
946 690 1101 738 σαφῶς,
1127 688 1204 739 ὁρῶ
1231 688 1273 728 δέ
1298 705 1379 728 πως

273 755 432 805 μορφῆς
455 752 619 803 τύπωμα
643 752 788 805 στέρνα
812 752 846 792 τ’
874 752 1135 809 ἐξῃκασμένα.

274 819 493 870 ἀνεμώκεος
519 821 598 860 εἴθε
623 820 767 871 δρόμον
793 819 967 872 νεφέλας
993 820 1113 860 ποσὶν
1137 819 1370 872 ἐξανύσαιμι

675 886 722 927 δι’
747 886 902 938 αἰθέρος

406 952 504 1005 πρὸς
529 951 623 1004 ἐμὸν
647 952 923 1006 ὁμογενέτορα,
950 954 1038 1005 περὶ
1063 952 1096 993 δ’
1123 953 1272 995 ὠλένας
1446 958 1502 997 ¹⁶5

407 1018 499 1073 δέρᾳ
524 1019 697 1073 φιλτάτᾳ
722 1019 887 1070 βάλοιμ’
913 1016 992 1071 (ἐν)
1016 1020 1146 1074 χρόνῳ

538 1085 696 1138 φυγάδα
719 1085 878 1136 μέλεον.
949 1086 1001 1128 ὡς

272 1153 437 1194 ὅπλοισι
461 1151 695 1205 χρυσέοισιν
720 1151 929 1205 ἐκπρεπής,
956 1151 1087 1204 γέρον,

405 1216 512 1274 ἑῴοις
535 1218 651 1269 ὅμοια
676 1218 886 1271 φλεγέθων
911 1222 1056 1270 βολαῖς
1081 1215 1257 1271 [ἀελίου].

172 1287 253 1325 Πα.
271 1284 357 1336 ἥξει
381 1285 520 1336 δόμους
545 1284 692 1331 τούσδ’,
719 1285 825 1326 ὥστε
851 1285 889 1325 σ’
916 1287 1119 1337 ἐμπλῆσαι
1144 1289 1282 1339 χαρᾶς,
1441 1300 1502 1330 170

272 1351 500 1394 ἔνσπονδος.
640 1355 710 1392 Αν.
782 1352 895 1394 οὗτος
920 1351 966 1400 δ’,
994 1349 1023 1392 ὦ
1047 1351 1194 1405 γεραιέ,
1222 1353 1280 1395 τίς
1306 1356 1422 1406 κυρεῖ,

271 1416 314 1460 ὃς
338 1417 441 1470 ἅρμα
464 1418 605 1459 λευκὸν
629 1418 892 1472 ἡνιοστροφεῖ
914 1419 1071 1470 βεβώς;

172 1486 249 1524 Πα.
271 1485 291 1523 ὁ
315 1484 453 1535 μάντις
477 1484 738 1538 Ἀμφιάραος,
765 1484 794 1526 ὦ
821 1485 1012 1532 δέσποιν’,
1039 1486 1118 1526 ὅδε·

272 1551 430 1604 σφάγια
454 1551 486 1592 δ’
511 1550 577 1603 ἅμ’
603 1551 713 1607 αὐτῷ,
743 1554 815 1605 γῆς
840 1553 1076 1604 φιλαίματοι
1100 1552 1200 1603 ῥοαί.

173 1619 243 1658 Αν.
401 1616 431 1658 ὦ
455 1619 726 1672 λιπαροζώνου
752 1619 919 1671 θύγατερ
945 1612 1107 1660 Ἀελίου
1439 1631 1499 1663 Ῑ75

406 1687 615 1732 Σελαναία,
643 1686 941 1739 χρυσεόκυκλον
966 1684 1130 1737 φέγγος,

405 1752 456 1795 ὡς
480 1753 670 1805 ἀτρεμαῖα
697 1751 837 1804 κέντρα
864 1752 925 1792 καὶ
951 1752 1144 1804 σώφρονα

536 1819 685 1860 πώλοις
710 1818 946 1871 μεταφέρων
973 1818 1107 1858 ἰθύνει.

271 1889 346 1926 ποῦ
369 1885 402 1926 δ’
429 1884 472 1927 ὃς
495 1887 543 1925 τὰ
567 1886 675 1926 δεινὰ
700 1884 781 1942 τῇδ’
808 1885 1018 1938 ἐφυβρίζει
1041 1885 1175 1931 πόλει;

218 1987 278 2017 155
300 1978 360 2020 μὴ]
380 1980 429 2010 καὶ
446 1979 489 2018 μὴ
507 1977 660 2017 primitus
679 1977 711 2008 M
795 1978 856 2016 156
875 1980 930 2009 ποῖ
944 1980 999 2008 ποῖ
1013 1976 1040 2009 δ’
1051 1977 1085 2009 ’ὸς
1101 1976 1133 2006 Α
1213 1975 1348 2018 ματρὸς]
1361 1976 1497 2019 ματέρος

172 2023 269 2053 codd.
290 2021 442 2063 (μητέρος
460 2022 501 2061 Ρ)
594 2022 655 2060 158
678 2024 738 2053 ποῦ
755 2021 836 2062 ‘av-t]
854 2023 914 2052 ποῦ
926 2034 978 2060 μοι
991 2020 1031 2058 V⁷
1053 2020 1112 2050 sed
1129 2033 1181 2061 γρ.
1203 2022 1273 2052 ἐστὶ
1291 2030 1458 2059 suprascr.
1478 2031 1498 2051 v

175 2067 235 2095 162
252 2068 374 2107 μορφᾶς
389 2065 415 2095 L
507 2064 568 2094 166
585 2063 676 2106 δέρᾳ]
695 2067 780 2105 δειρὶὶ
798 2064 824 2094 L
841 2075 847 2094 :
865 2062 959 2104 δέρην
968 2077 1019 2104 γρ.
1033 2074 1053 2093 v
1107 2062 1239 2102 βάλοιμ’
1253 2065 1287 2095 ἐν
1298 2063 1473 2093 Hermann
1490 2074 1497 2094 ε

171 2108 303 2148 βάλοιμι
314 2108 409 2139 codd.
476 2108 534 2146 167
551 2107 670 2147 μέλεον
687 2108 727 2139 ὡς
743 2110 798 2139 ἴδω
814 2120 865 2148 Ὑρ.
882 2111 906 2140 Σ
970 2107 1030 2136 168
1048 2106 1203 2147 εὐπρεπής
1222 2105 1248 2136 Ρ
1310 2107 1372 2145 169
1389 2107 1497 2138 ἀελίου

171 2151 242 2181 sere
258 2152 375 2182 codd.:
400 2150 493 2188 ἡλίου
514 2150 560 2181 L:
585 2150 648 2181 del.
660 2149 842 2180 Wecklein
951 2159 1006 2188 171
1022 2150 1072 2182 τίς
1084 2149 1314 2181 Valckenaer:
1338 2150 1388 2182 τίς
1400 2150 1497 2181 πόθεν

172 2194 286 2225 codd.:
305 2193 381 2225 cf.v.
396 2203 457 2232 123
558 2204 618 2233 174
636 2193 825 2234 φιλαίματοι
840 2192 872 2223 Μ
886 2191 917 2222 Α
931 2192 958 2223 Β
969 2192 1000 2222 V
1011 2195 1035 2224 Σ
1050 2204 1057 2223 t
1081 2192 1277 2234 φιλαιμάτου
1288 2192 1315 2222 L
1327 2191 1354 2222 P
1371 2203 1378 2223 :
1401 2192 1441 2223 cf.
1459 2197 1493 2232 Σ,

171 2239 200 2269 οἴ
225 2236 260 2269 δὲ
285 2237 445 2279 ’γράφουσι
468 2239 529 2278 ’γῆς
555 2237 760 2278 φιλαιμάτου,
786 2238 814 2268 οἱ
838 2234 874 2268 δὲ
899 2236 937 2267 τὸ
961 2235 1090 2267 τέλειον
1114 2235 1318 2275 φιλαιμάτοιο
1343 2234 1497 2277 λέγουσιν

175 2289 234 2319 175
251 2279 376 2312 Ἀελίου
390 2280 487 2311 codd.
500 2284 534 2311 et
547 2284 571 2313 Σ
586 2291 593 2310 :
617 2279 636 2312 ἆ
647 2282 769 2312 Λατοῦς
783 2283 861 2319 post
874 2278 1081 2310 Badhamum
1097 2278 1217 2309 Nauck
1301 2280 1362 2317 176
1377 2279 1496 2320 χρυσό-

171 2330 292 2355 κυκλον
308 2323 339 2353 V
446 2324 506 2363 178
529 2322 732 2364 μεταφέρων]
756 2322 959 2364 μετάφρενον
982 2322 1125 2353 fortasse
1144 2321 1278 2361 legebat
1298 2321 1496 2353 Eustathius

174 2366 211 2398 Il.
223 2377 254 2406 p.
275 2377 350 2406 557,
365 2375 407 2405 35
425 2368 463 2398 τὸ
482 2366 517 2398 δὲ
531 2368 684 2408 τραγικὸν
703 2367 1035 2407 περιφραστικῶτερον
1052 2368 1085 2397 ἐν
1101 2369 1146 2405 τῷ
1164 2364 1281 2406 κέντρα
1296 2365 1495 2405 μετάφρενον

171 2409 266 2441 ἰθύνει
370 2410 463 2442 ἰθύνει
482 2409 597 2451 δρόμον
613 2409 841 2440 Wilamowitz
