1658 2740
654 120 1000 157 ΕΥΡΙΠΙΔΟΥ

164 229 236 266 Θε.
265 225 332 265 οὐκ
359 224 500 276 ἔμοιγ’,
527 225 560 264 εἰ
585 222 637 275 μή
661 222 701 274 μ’
726 221 918 264 ἐάσεις-
1059 225 1153 274 Θερ.
1189 221 1234 261 οὐ
1257 223 1330 272 μὲν
1355 221 1423 262 οὖν
1449 220 1486 260 σ’

395 290 583 342 ἐάσομεν.

165 361 236 399 Θε.
267 358 467 411 σύγγονον
496 361 650 399 κτανεῖν
677 357 925 407 κακίστην-
1055 358 1150 407 Θερ.
1190 353 1487 406 εὐσεβεστάτην

396 427 468 476 μὲν
494 425 574 466 οὖν.

164 494 235 532 Θε.
262 491 287 542 ἥ
311 509 360 542 με
385 492 666 544 προύδωκεν-
786 494 882 543 Θερ.
910 489 1034 540 καλήν
1051 505 1096 541 γε
1112 489 1342 541 προδοσίαν,
1360 488 1488 529 δίκαια

397 561 503 610 δρᾶν.

160 627 232 665 Θε.
261 625 366 676 τάμὰ
383 624 516 677 λέκτρ’
533 624 642 679 ἄλλῳ
661 627 836 665 διδοῦσα.
931 627 1028 675 Θερ.
1068 626 1150 664 τοῖς
1167 639 1212 674 γε
1229 620 1486 673 κυριωτέροις.

159 695 231 732 Θε.
265 691 393 744 κύριος
421 694 463 732 δὲ
488 695 566 732 τῶν
593 692 696 742 ἐμῶν
721 692 797 738 τίς,·
944 693 1040 742 Θερ.
1100 688 1142 730 ὃς
1167 688 1318 739 ἔλαβεν
1343 687 1488 740 πατρὸς

394 757 511 809 πάρα.
1405 758 1486 798 1635

158 827 228 864 Θε.
258 824 351 864 ἀλλ’
373 824 517 864 ἔδωκεν
536 824 558 874 ἡ
576 824 674 876 τύχη
692 840 770 874 μοι.
876 825 971 873 Θερ.
1023 822 1067 861 τὸ
1083 824 1124 862 δὲ
1139 822 1268 874 χρεὼν
1284 821 1486 873 ἀφείλετο.

159 893 230 930 Θε.
262 891 306 930 οὐ
327 893 374 931 σὲ
396 891 500 941 τάμὰ
520 890 596 943 χρὴ
617 889 796 939 δικάζειν.
920 890 1015 941 Θερ.
1064 888 1113 939 ἤν
1133 905 1180 940 γε
1198 889 1348 938 βελτίω
1366 886 1486 940 λέγω.

159 960 229 998 Θε.
258 957 480 1011 ἀρχόμεσθ’
506 956 581 1009 ἄρ’,
609 956 653 996 οὐ
679 959 904 1008 κρατοῦμεν.
1034 957 1130 1006 Θερ.
1190 955 1283 994 ὅσια
1307 957 1414 1006 δρᾶν,
1441 955 1488 994 τὰ

391 1024 423 1064 δ’
452 1023 571 1064 ἔκδικ’
597 1024 653 1063 οὔ.

158 1094 230 1132 Θε.
258 1094 464 1131 κατθανεῖν
484 1092 576 1142 ε’ρᾶν
594 1089 734 1130 ἔοικας.
831 1090 926 1140 Θερ.
978 1091 1114 1128 κτεῖνε·
1143 1087 1339 1139 σύγγονον
1354 1089 1397 1128 δὲ
1412 1086 1488 1138 σὴν

259 1159 303 1199 οὐ
329 1161 476 1199 κτενεῖς
503 1157 611 1208 ἡμῶν
639 1156 820 1201 ἑκόντων,
844 1154 934 1194 ἀλλ’
955 1154 1036 1205 ἔμε·
1073 1150 1162 1207 (ὡς)
1187 1156 1260 1205 πρὸ
1285 1157 1488 1194 δεσποτῶν

258 1228 364 1265 τοῖσι
389 1224 608 1277 γενναίοισι
635 1222 790 1264 δούλοις
819 1220 1105 1262 εὐκλεέστατον
1131 1223 1276 1261 θανεῖν.
1403 1224 1484 1265 1641

159 1341 440 1370 ΔΙΟΣΚΟΡΟΙ

391 1409 556 1460 ἐπίσχες
582 1407 701 1459 ὀργὰς
727 1407 836 1446 αῖσιν
862 1405 930 1446 οὐκ
956 1406 1079 1457 ὀρθῶς
1105 1404 1220 1461 φέρῃ,

392 1473 657 1525 Θεοκλύμενε,
686 1474 800 1525 γαίας
826 1471 939 1523 τῆσδ’
965 1471 1075 1522 ἄναξ·
1114 1472 1248 1512 δισσοὶ
1273 1471 1316 1513 δέ
1340 1489 1388 1513 σε

394 1541 610 1592 Διόσκοροι
637 1543 845 1590 καλοῦμεν,
876 1538 942 1580 οὓς
968 1537 1079 1588 Λήδα
1104 1540 1199 1579 ποτὲ

393 1607 541 1648 ἔτικτεν
565 1605 734 1656 Ἑλένην
760 1606 807 1651 θ’,
836 1605 858 1655 ἢ
887 1604 1063 1657 πέφευγε
1089 1604 1183 1646 σοὺς
1208 1605 1362 1656 δόμους·
1405 1609 1488 1650 Ι645

391 1674 434 1713 οὐ
460 1676 535 1726 γὰρ
560 1672 878 1725 πεπρωμένοισιν
907 1672 1040 1728 ὀργίζῃ
1067 1671 1221 1724 γάμοις,

390 1740 469 1781 οὐδ’
494 1740 517 1790 ἡ
545 1742 634 1781 θεᾶς
661 1742 843 1796 Νηρῇδος
872 1738 1034 1791 ἔκγονος
1065 1739 1155 1791 κόρη

392 1807 518 1846 ἀδικεῖ
541 1805 580 1845 σ’
607 1806 763 1858 ἀδελφὴ
793 1806 964 1856 Θεονόη,
994 1807 1041 1846 τὰ
1066 1809 1142 1846 τῶν
1168 1808 1266 1846 θεῶν

393 1877 547 1924 τιμῶσα
572 1873 717 1925 πατρός
742 1872 774 1912 τ’
803 1872 978 1914 ἐνδίκους
1005 1872 1232 1915 ἐπιστολάς.

460 1940 498 1981 ἐς
522 1941 595 1990 μὲν
619 1940 694 1991 γὰρ
721 1940 796 1980 αἰεὶ
825 1939 892 1980 τὸν
918 1942 1093 1993 παρόντα
1117 1944 1185 1981 νῦν
1211 1941 1356 1994 χρόνον
1408 1944 1490 1983 1650

393 2007 523 2056 κείνην
549 2010 746 2047 κατοικεῖν
775 2010 909 2048 σοῖσιν
938 2009 979 2048 ἐν
1007 2009 1138 2059 δόμοις
1165 2008 1299 2060 ε’χρῆν·

206 2101 288 2138 1633
312 2099 472 2141 προύδωκε
498 2101 523 2130 L
539 2100 565 2130 P
693 2102 773 2140 1635
801 2101 899 2138 ἔλαβε
927 2102 952 2132 L
968 2102 994 2132 P
1118 2102 1201 2141 1638
1226 2100 1374 2143 ἀρχόμεθ’
1401 2101 1426 2130 L
1442 2101 1488 2132 P:

159 2153 239 2173 corr.
259 2144 271 2172 l
365 2144 406 2175 τὰ
423 2142 450 2175 δ’
463 2144 559 2176 ἔκδικ’
578 2146 613 2176 οὔ
632 2144 757 2175 Ροτεοη
777 2156 784 2175 :
808 2145 897 2177 τάνδ’
916 2145 1028 2177 ἐκδικῶ
1048 2145 1072 2175 L
1087 2145 1112 2175 P
1220 2146 1302 2184 1639
1326 2147 1446 2176 κτεῖναι
1465 2143 1491 2173 Ρ

162 2187 244 2223 1640
268 2187 500 2226 paragraphus
527 2188 674 2227 praefixa
693 2192 725 2218 et
743 2187 854 2218 deleta
876 2188 908 2218 in
929 2189 975 2220 L:
1005 2189 1090 2227 1640
1106 2191 1140 2219 et
1160 2189 1239 2227 1641
1258 2187 1489 2228 paragraphos

162 2230 263 2268 praes.
287 2229 312 2258 P
418 2229 478 2269 ἔμ’·
497 2232 537 2263 ὡς
556 2230 705 2261 Porson:
734 2230 789 2270 ἐμὲ
809 2231 834 2260 L
847 2231 873 2260 P
987 2233 1067 2271 1641
1093 2232 1251 2273 γενναίοις
1269 2231 1296 2261 L
1309 2230 1353 2261 P:
1377 2240 1460 2261 corr.
1480 2229 1494 2259 l

165 2274 245 2310 1643
269 2273 362 2313 γαίας
395 2273 532 2304 Nauck:
568 2276 628 2314 ’γῆς
658 2274 683 2303 L
699 2274 743 2304 P:
769 2276 871 2311 τῆσδε
896 2276 957 2316 γῆς
987 2274 1118 2305 Mekler
1251 2275 1332 2313 1647
1359 2274 1489 2314 ἔκγονος

163 2315 341 2388 ΙΙΝΔῙῗξῖὴὲεὶεξ
358 2316 489 2391 ὶέἷγιτὲνη
509 2316 572 2346 LP
589 2329 594 2347 :
621 2317 753 2358 εὐγενὴς
773 2316 890 2347 Nauck
984 2319 1066 2357 1650
1092 2317 1139 2359 ἐς]
1157 2319 1200 2351 εἷς
1218 2317 1413 2357 Stephanus
1431 2327 1438 2347 :
1464 2317 1491 2348 εἶ

320 2373 354 2391 αε
