1658 2740
687 114 1027 151 ΕΥΡΙΠΙΔΟΥ

199 220 261 267 Ιφ.
293 216 350 255 τίς
375 215 414 264 μ’
442 215 543 254 εἶσιν
569 223 674 264 αζων
700 216 792 266 πρὶν
817 216 1129 267 σπαράσσεσθαι
1156 218 1294 268 κόμης;

197 285 269 321 Κλ.
299 280 388 331 ἐγώ,
409 280 507 330 μετά
526 298 572 332 γε
597 284 687 321 σοῦ.
701 313 728 322 ..
827 285 889 333 Ιφ.
939 282 991 333 μὴ
1011 284 1061 323 σύ
1079 282 1128 334 γ’·
1158 283 1202 322 οὐ
1224 288 1351 326 καλῶς
1366 285 1509 336 λέγεις.

196 351 270 387 Κλ.
297 345 460 387 πέπλων
487 348 656 399 ἐχομένη
684 351 778 388 σῶν.
923 351 988 400 Ιφ.
1060 350 1159 399 ἐμοί,
1186 352 1322 402 μῆτερ,
1349 353 1475 391 πιθοῦ·

293 411 391 462 μέν’·
430 412 481 454 ὡς
508 414 598 463 ε’μοί
619 430 661 454 τε
687 414 757 454 σοί
778 430 821 454 τε
847 412 1018 455 κάλλιον
1037 415 1137 455 τόδε.
1426 420 1507 461 1461

292 478 437 530 πατρὸς
462 478 494 518 δ’
518 480 675 519 ὀπαδῶν
699 478 823 520 τῶνδέ
846 481 903 522 τίς
926 498 975 532 με
999 480 1184 531 πεμπέτω

292 543 523 595 Ἀρτέμιδος
549 546 591 587 ἐς
615 546 791 596 λειμῶν’,
818 547 916 587 ὅπου
941 547 1221 599 σφαγήσομαι.

193 615 265 652 Κλ.
295 609 324 650 ὦ
349 610 498 657 τέκνον,
527 613 637 667 οἵχῃ;
772 615 834 664 Ιφ.
909 613 971 653 καὶ
995 613 1116 654 πάλιν
1142 613 1179 665 γ’
1204 613 1248 653 οὐ
1272 613 1324 664 μὴ
1349 614 1469 664 μόλω.

192 681 264 718 Κλ.
292 680 467 717 λιποῦσα
491 677 658 729 μητέρα;
799 681 862 730 Ιφ.
918 679 969 721 ὡς
993 680 1085 734 ὁρᾷς
1110 678 1159 731 γ’,
1187 679 1255 719 οὐκ
1279 678 1408 730 ἀξίως.

193 747 264 784 Κλ.
293 742 403 796 σχές,
424 742 476 794 μή
492 760 541 794 με
561 745 767 799 προλίπῃς.
898 748 961 796 Ιφ.
1023 745 1092 786 οὐκ
1116 746 1165 786 ἐῶ
1192 744 1350 796 στάζειν
1374 745 1503 798 δάκρυ.

287 810 395 859 ὑμεῖς
419 808 451 849 δ’
473 809 784 862 ἐπευφημήσατ’,
812 809 841 850 ὦ
860 809 1046 858 νεάνιδες,
1425 817 1506 856 1467

288 878 435 916 παιᾶνα
459 875 560 932 τήμῇ
587 877 775 930 συμφορᾷ
802 876 898 918 Διὸς
924 877 1040 928 κόρην

282 940 484 993 ’'Apa-epam·
522 943 590 982 ’ίτω
617 944 659 982 δὲ
687 942 905 985 Δαναΐδαις
930 942 1113 995 εὐφημία.

289 1010 384 1048 κανᾶ
410 1007 442 1048 δ’
469 1007 700 1062 ἐναρχέσθω
726 1025 797 1055 τις,
826 1008 1001 1050 αἰθέσθω
1026 1011 1068 1050 δὲ
1091 1012 1166 1060 πῦρ
1421 1022 1507 1054 1470

287 1074 500 1127 προχύταις
527 1075 793 1125 καθαρσίοισι,
821 1076 883 1116 καὶ
910 1075 1038 1127 πατὴρ
1062 1074 1155 1126 ἐμὸς

287 1140 550 1191 ἐνδεξιούσθω
575 1142 728 1191 βωμόν·
769 1141 820 1183 ὡς
846 1142 1045 1193 σωτηρίαν

278 1205 463 1256 “Έλλησι
486 1206 656 1247 δώσουσ’
682 1207 847 1260 ἔρχομαι
874 1208 1099 1260 νικηφόρον.

483 1304 600 1356 ἄγετέ
622 1322 669 1355 με
694 1307 765 1345 τὰν
790 1305 909 1346 Ἰλίου
1420 1319 1505 1351 1475

485 1371 547 1410 καὶ
574 1374 742 1423 Φρυγῶν
768 1371 992 1413 ἑλέπτολιν.

485 1437 639 1489 στέφεα
664 1438 864 1489 περίβολα
890 1440 1029 1484 δίδοτε,
1059 1437 1200 1490 φέρετε

481 1504 743 1554 -πλόκαμος
769 1505 833 1545 ὅδε
861 1504 1184 1556 καταστέφειν-

548 1571 748 1622 χερνίβων
774 1587 816 1611 τε
841 1570 981 1622 παγάς.

482 1635 660 1676 ἑλίσσετ’
686 1637 788 1688 ἀμφὶ
814 1636 910 1677 ναὸν
1422 1642 1505 1680 1480

482 1702 585 1754 ἀμφὶ
609 1701 748 1752 βωμὸν
768 1701 971 1754 ”Αρτεμι.ν,

480 1770 551 1808 τᾶν
577 1767 761 1809 ἄνασσαν
780 1768 984 1821 ”Αρτεμιν,

412 1835 485 1875 τὰν
508 1834 715 1886 μάκαιραν·
754 1835 805 1877 ὡς
830 1836 1001 1885 ἐμοῖσιν,
1030 1837 1063 1877 εἰ
1088 1835 1230 1888 χρεών,

615 1902 756 1951 αἵμασι
781 1901 930 1951 θύμασί
952 1899 1023 1954 [τε]
1418 1907 1501 1945 1485

225 1991 308 2030 1458
333 1991 579 2033 σπαράσσεσθαι
597 1991 747 2032 Elmsley
766 2003 773 2022 :
797 1992 1011 2034 σπαράξεσθαι
1029 1991 1056 2022 L
1069 1991 1096 2022 P
1245 1991 1344 2032 κόμας
1352 1996 1378 2032 p
1393 1991 1446 2023 vel
1464 1991 1504 2022 Ι)2

181 2042 264 2073 1459
288 2034 392 2075 ἔγωγε
409 2035 492 2074 μετὰ
510 2037 567 2067 σοῦ
587 2034 765 2066 Markland
923 2037 1002 2073 1461
1028 2040 1088 2068 Κλ.
1111 2039 1192 2066 nota
1206 2036 1357 2074 praefixa
1372 2039 1406 2066 et
1422 2045 1503 2065 con-

178 2077 271 2108 tinuo
289 2076 402 2108 deleta
419 2078 452 2108 in
471 2078 496 2108 P
658 2080 738 2119 1465
763 2078 885 2119 μητέρα
904 2079 929 2109 L
944 2078 970 2108 P
1124 2079 1158 2109 εὖ
1175 2078 1285 2118 κᾶξίως
1304 2078 1480 2108 Hermann
1497 2090 1504 2109 :

178 2120 345 2161 εὐκαρδίως
357 2120 391 2151 F.
406 2121 470 2151 Gu.
488 2121 641 2152 Schmidt
734 2125 813 2160 1467
833 2121 1056 2162 ἐπεφημήσατ’
1072 2122 1098 2152 P
1114 2133 1120 2151 :
1140 2131 1223 2152 corr.
1236 2126 1262 2160 p
1354 2130 1436 2160 1475
1454 2128 1502 2161 Ιφ.

178 2167 290 2193 notam
310 2165 412 2203 praes.
437 2164 475 2193 L2
566 2166 657 2202 ἡλίου
672 2165 826 2205 primitus
847 2166 872 2195 L
965 2174 1047 2203 1479
1071 2165 1174 2204 παγάς
1189 2164 1333 2194 Reiske:
1350 2167 1504 2204 παγαῖσιν

180 2206 219 2235 L2
235 2218 241 2236 z
268 2211 402 2247 παγαῖσι
422 2208 447 2237 Ρ
463 2219 468 2237 :
493 2211 581 2248 παγᾶ
598 2209 650 2238 vel
668 2211 773 2249 παγαΐ
787 2214 820 2239 ut
838 2209 903 2239 vid.
927 2208 952 2237 L
1055 2209 1138 2245 1480
1163 2209 1236 2239 ναὸν
1255 2208 1280 2237 L
1296 2207 1335 2237 Ρ2
1351 2218 1357 2237 z
1381 2208 1461 2239 λαὸν
1479 2207 1504 2237 P

178 2250 255 2289 ἀμφὶ
269 2252 344 2281 ναὸν
361 2251 423 2281 del.
440 2251 544 2280 Monk
562 2262 567 2280 :
591 2251 735 2282 fortasse
751 2251 894 2283 ἑλίσσετ’
908 2252 1102 2292 ἀμφιβώμιοι
1117 2251 1176 2282 τὰν
1194 2252 1339 2282 ἄνασσαν
1351 2250 1502 2290 ’Ἀρτεμιν

177 2293 299 2323 ceteris
316 2294 437 2324 deletis
532 2295 612 2332 1485
639 2309 675 2326 τε
694 2295 757 2325 del.
780 2295 955 2326 Hermann
973 2306 979 2325 :
1004 2295 1147 2325 sortasse
1164 2295 1204 2326 ὡς
1224 2296 1319 2334 ἐμοῖς,
1341 2295 1369 2325 εἰ
1384 2295 1499 2333 χρεών,

178 2336 306 2373 αἵμασιν
324 2336 457 2375 θύμασιν
476 2342 582 2368 metro
599 2338 726 2369 cretico
