<?xml version="1.0" encoding="UTF-8"?>
<!DOCTYPE html PUBLIC "-//W3C//DTD XHTML 1.0 Transitional//EN"
    "http://www.w3.org/TR/xhtml1/DTD/xhtml1-transitional.dtd">
<html xmlns="http://www.w3.org/1999/xhtml" xml:lang="en" lang="en">
 <head>
  <title>
</title>
<meta http-equiv="Content-Type" content="text/html;charset=utf-8" />
  <meta name='ocr-system' content='tesseract 3.04.00' />
  <meta name='ocr-capabilities' content='ocr_page ocr_carea ocr_par ocr_line ocrx_word'/>
</head>
<body>
  <div class='ocr_page' id='page_1' title='image "./euripidisfabulae03euriuoft_0080.png"; bbox 0 0 1658 2740; ppageno 0'>
   <div class='ocr_carea' id='block_1_1' title="bbox 642 131 988 168">
    <p class='ocr_par' dir='ltr' id='par_1_1' title="bbox 642 131 988 168">
     <span class='ocr_line' id='line_1_1' title="bbox 642 131 988 168; baseline 0 0"><span class='ocrx_word' id='word_1_1' title='bbox 642 131 988 168; x_wconf 58' lang='grc' dir='ltr'>ΕΥΡΙΠΙΔΟΥ</span> 
     </span>
    </p>
   </div>
   <div class='ocr_carea' id='block_1_2' title="bbox 243 234 1474 1952">
    <p class='ocr_par' dir='ltr' id='par_1_2' title="bbox 243 234 1474 1349">
     <span class='ocr_line' id='line_1_2' title="bbox 247 234 1181 289; baseline 0.004 -17"><span class='ocrx_word' id='word_1_2' title='bbox 247 236 407 276; x_wconf 87' lang='grc' dir='ltr'>σταθεὶς</span> <span class='ocrx_word' id='word_1_3' title='bbox 432 238 578 286; x_wconf 77' lang='grc' dir='ltr'>νεκρῶν</span> <span class='ocrx_word' id='word_1_4' title='bbox 603 237 676 286; x_wconf 77' lang='grc' dir='ltr'>μὲν</span> <span class='ocrx_word' id='word_1_5' title='bbox 701 235 860 276; x_wconf 82' lang='grc' dir='ltr'>οὐδενὸς</span> <span class='ocrx_word' id='word_1_6' title='bbox 884 234 1039 286; x_wconf 87' lang='grc' dir='ltr'>μνήμην</span> <span class='ocrx_word' id='word_1_7' title='bbox 1064 236 1181 289; x_wconf 78' lang='grc' dir='ltr'>ἔχων,</span> 
     </span>
     <span class='ocr_line' id='line_1_3' title="bbox 249 300 1151 354; baseline 0.002 -14"><span class='ocrx_word' id='word_1_8' title='bbox 249 300 402 351; x_wconf 87' lang='grc' dir='ltr'>τέμνων</span> <span class='ocrx_word' id='word_1_9' title='bbox 428 303 468 341; x_wconf 79' lang='grc' dir='ltr'>δὲ</span> <span class='ocrx_word' id='word_1_10' title='bbox 493 301 638 352; x_wconf 79' lang='grc' dir='ltr'>λαιμὸν</span> <span class='ocrx_word' id='word_1_11' title='bbox 663 301 810 354; x_wconf 68' lang='grc' dir='ltr'>ηὔχετ’·</span> <span class='ocrx_word' id='word_1_12' title='bbox 842 301 899 341; x_wconf 69' lang='grc' dir='ltr'>Ἷὶ,</span> <span class='ocrx_word' id='word_1_13' title='bbox 929 303 1049 342; x_wconf 83' lang='grc' dir='ltr'>ναίων</span> <span class='ocrx_word' id='word_1_14' title='bbox 1074 301 1151 342; x_wconf 74' lang='grc' dir='ltr'>ἅλα</span> 
     </span>
     <span class='ocr_line' id='line_1_4' title="bbox 246 368 1474 420; baseline 0.001 -13"><span class='ocrx_word' id='word_1_15' title='bbox 246 368 381 408; x_wconf 84' lang='grc' dir='ltr'>πόντιε</span> <span class='ocrx_word' id='word_1_16' title='bbox 408 368 607 408; x_wconf 79' lang='grc' dir='ltr'>Πόσειδον</span> <span class='ocrx_word' id='word_1_17' title='bbox 634 368 796 420; x_wconf 85' lang='grc' dir='ltr'>Νηρέως</span> <span class='ocrx_word' id='word_1_18' title='bbox 821 368 856 408; x_wconf 83' lang='grc' dir='ltr'>θ’</span> <span class='ocrx_word' id='word_1_19' title='bbox 883 368 999 420; x_wconf 75' lang='grc' dir='ltr'>ἁγναὶ</span> <span class='ocrx_word' id='word_1_20' title='bbox 1026 370 1147 420; x_wconf 80' lang='grc' dir='ltr'>κόραι,</span> <span class='ocrx_word' id='word_1_21' title='bbox 1393 375 1474 413; x_wconf 81' lang='lat'>1585</span> 
     </span>
     <span class='ocr_line' id='line_1_5' title="bbox 247 433 1206 488; baseline 0.003 -16"><span class='ocrx_word' id='word_1_22' title='bbox 247 433 408 474; x_wconf 83' lang='grc' dir='ltr'>σώσατέ</span> <span class='ocrx_word' id='word_1_23' title='bbox 431 434 470 485; x_wconf 84' lang='grc' dir='ltr'>μ’</span> <span class='ocrx_word' id='word_1_24' title='bbox 499 435 558 475; x_wconf 82' lang='grc' dir='ltr'>ἐπ’</span> <span class='ocrx_word' id='word_1_25' title='bbox 587 435 706 476; x_wconf 80' lang='grc' dir='ltr'>ἀκτὰς</span> <span class='ocrx_word' id='word_1_26' title='bbox 730 436 940 476; x_wconf 75' lang='grc' dir='ltr'>Ναυπλίας</span> <span class='ocrx_word' id='word_1_27' title='bbox 964 434 1140 488; x_wconf 86' lang='grc' dir='ltr'>δάμαρτά</span> <span class='ocrx_word' id='word_1_28' title='bbox 1163 452 1206 475; x_wconf 91' lang='grc' dir='ltr'>τε</span> 
     </span>
     <span class='ocr_line' id='line_1_6' title="bbox 246 500 1084 554; baseline 0.002 -14"><span class='ocrx_word' id='word_1_29' title='bbox 246 500 396 541; x_wconf 77' lang='grc' dir='ltr'>ἄσυλον</span> <span class='ocrx_word' id='word_1_30' title='bbox 423 502 464 541; x_wconf 85' lang='grc' dir='ltr'>ἐκ</span> <span class='ocrx_word' id='word_1_31' title='bbox 491 503 576 553; x_wconf 82' lang='grc' dir='ltr'>γῆς.</span> <span class='ocrx_word' id='word_1_32' title='bbox 647 502 810 552; x_wconf 82' lang='grc' dir='ltr'>αἵματος</span> <span class='ocrx_word' id='word_1_33' title='bbox 836 501 868 540; x_wconf 85' lang='grc' dir='ltr'>δ’</span> <span class='ocrx_word' id='word_1_34' title='bbox 894 502 1084 554; x_wconf 81' lang='grc' dir='ltr'>ἀπορροαὶ</span> 
     </span>
     <span class='ocr_line' id='line_1_7' title="bbox 247 566 977 622; baseline 0.003 -16"><span class='ocrx_word' id='word_1_35' title='bbox 247 568 286 608; x_wconf 84' lang='grc' dir='ltr'>ἐς</span> <span class='ocrx_word' id='word_1_36' title='bbox 311 566 409 617; x_wconf 74' lang='grc' dir='ltr'>οἶδμ’</span> <span class='ocrx_word' id='word_1_37' title='bbox 436 568 691 617; x_wconf 78' lang='grc' dir='ltr'>ἐσηκόντιζον</span> <span class='ocrx_word' id='word_1_38' title='bbox 717 569 840 620; x_wconf 76' lang='grc' dir='ltr'>οὔριοι</span> <span class='ocrx_word' id='word_1_39' title='bbox 865 567 977 622; x_wconf 77' lang='grc' dir='ltr'>ξένῳ.</span> 
     </span>
     <span class='ocr_line' id='line_1_8' title="bbox 247 633 1113 685; baseline 0.001 -13"><span class='ocrx_word' id='word_1_40' title='bbox 247 635 315 673; x_wconf 88' lang='grc' dir='ltr'>καί</span> <span class='ocrx_word' id='word_1_41' title='bbox 335 650 392 674; x_wconf 87' lang='grc' dir='ltr'>τις</span> <span class='ocrx_word' id='word_1_42' title='bbox 418 633 498 673; x_wconf 88' lang='grc' dir='ltr'>τόδ’</span> <span class='ocrx_word' id='word_1_43' title='bbox 526 633 623 674; x_wconf 76' lang='grc' dir='ltr'>εἶπε·</span> <span class='ocrx_word' id='word_1_44' title='bbox 664 635 813 676; x_wconf 86' lang='grc' dir='ltr'>Δόλιος</span> <span class='ocrx_word' id='word_1_45' title='bbox 836 635 860 685; x_wconf 83' lang='grc' dir='ltr'>ἡ</span> <span class='ocrx_word' id='word_1_46' title='bbox 886 635 1113 685; x_wconf 82' lang='grc' dir='ltr'>ναυκληρία.</span> 
     </span>
     <span class='ocr_line' id='line_1_9' title="bbox 245 698 1473 750; baseline 0.003 -11"><span class='ocrx_word' id='word_1_47' title='bbox 245 699 365 739; x_wconf 86' lang='grc' dir='ltr'>πάλιν</span> <span class='ocrx_word' id='word_1_48' title='bbox 389 699 584 750; x_wconf 86' lang='grc' dir='ltr'>πλέωμεν·</span> <span class='ocrx_word' id='word_1_49' title='bbox 622 698 755 749; x_wconf 76' lang='grc' dir='ltr'>δεξιὰν</span> <span class='ocrx_word' id='word_1_50' title='bbox 781 700 918 741; x_wconf 91' lang='grc' dir='ltr'>κέλευε</span> <span class='ocrx_word' id='word_1_51' title='bbox 943 702 1006 746; x_wconf 85' lang='grc' dir='ltr'>σύ,</span> <span class='ocrx_word' id='word_1_52' title='bbox 1389 713 1473 746; x_wconf 82' lang='lat'>¹590</span> 
     </span>
     <span class='ocr_line' id='line_1_10' title="bbox 246 765 1268 818; baseline 0.002 -14"><span class='ocrx_word' id='word_1_53' title='bbox 246 765 295 805; x_wconf 85' lang='grc' dir='ltr'>σὺ</span> <span class='ocrx_word' id='word_1_54' title='bbox 321 768 362 806; x_wconf 84' lang='grc' dir='ltr'>δὲ</span> <span class='ocrx_word' id='word_1_55' title='bbox 388 765 528 818; x_wconf 85' lang='grc' dir='ltr'>στρέφ’</span> <span class='ocrx_word' id='word_1_56' title='bbox 555 765 667 806; x_wconf 81' lang='grc' dir='ltr'>οἴακ’.</span> <span class='ocrx_word' id='word_1_57' title='bbox 806 767 849 806; x_wconf 84' lang='grc' dir='ltr'>ἐκ</span> <span class='ocrx_word' id='word_1_58' title='bbox 874 769 916 807; x_wconf 78' lang='grc' dir='ltr'>δὲ</span> <span class='ocrx_word' id='word_1_59' title='bbox 940 767 1118 818; x_wconf 85' lang='grc' dir='ltr'>ταυρείου</span> <span class='ocrx_word' id='word_1_60' title='bbox 1143 767 1268 818; x_wconf 89' lang='grc' dir='ltr'>φόνου</span> 
     </span>
     <span class='ocr_line' id='line_1_11' title="bbox 245 831 1216 886; baseline 0.003 -15"><span class='ocrx_word' id='word_1_61' title='bbox 245 831 415 884; x_wconf 82' lang='grc' dir='ltr'>Ἀτρέως</span> <span class='ocrx_word' id='word_1_62' title='bbox 440 832 597 874; x_wconf 83' lang='grc' dir='ltr'>σταθεὶς</span> <span class='ocrx_word' id='word_1_63' title='bbox 623 835 715 874; x_wconf 87' lang='grc' dir='ltr'>παῖς</span> <span class='ocrx_word' id='word_1_64' title='bbox 741 833 943 883; x_wconf 84' lang='grc' dir='ltr'>ἀνεβόησε</span> <span class='ocrx_word' id='word_1_65' title='bbox 970 832 1216 886; x_wconf 78' lang='grc' dir='ltr'>συμμάχους·</span> 
     </span>
     <span class='ocr_line' id='line_1_12' title="bbox 243 896 1137 951; baseline 0.002 -14"><span class='ocrx_word' id='word_1_66' title='bbox 243 900 296 939; x_wconf 86' lang='grc' dir='ltr'>Τί</span> <span class='ocrx_word' id='word_1_67' title='bbox 317 897 490 949; x_wconf 83' lang='grc' dir='ltr'>μέλλετ’,</span> <span class='ocrx_word' id='word_1_68' title='bbox 518 896 548 938; x_wconf 73' lang='grc' dir='ltr'><em>ὦ</em></span> <span class='ocrx_word' id='word_1_69' title='bbox 573 901 645 951; x_wconf 79' lang='grc' dir='ltr'>γῆς</span> <span class='ocrx_word' id='word_1_70' title='bbox 668 898 867 941; x_wconf 83' lang='grc' dir='ltr'>Ἑλλάδος</span> <span class='ocrx_word' id='word_1_71' title='bbox 891 900 1137 950; x_wconf 85' lang='grc' dir='ltr'>λωτίσματα,</span> 
     </span>
     <span class='ocr_line' id='line_1_13' title="bbox 245 964 1158 1018; baseline 0 -13"><span class='ocrx_word' id='word_1_72' title='bbox 245 965 413 1018; x_wconf 76' lang='grc' dir='ltr'>σφάζειν</span> <span class='ocrx_word' id='word_1_73' title='bbox 439 965 622 1018; x_wconf 86' lang='grc' dir='ltr'>φονεύειν</span> <span class='ocrx_word' id='word_1_74' title='bbox 647 964 879 1018; x_wconf 82' lang='grc' dir='ltr'>βαρβάρους</span> <span class='ocrx_word' id='word_1_75' title='bbox 904 966 1000 1007; x_wconf 88' lang='grc' dir='ltr'>νεώς</span> <span class='ocrx_word' id='word_1_76' title='bbox 1024 965 1056 1005; x_wconf 91' lang='grc' dir='ltr'>τ’</span> <span class='ocrx_word' id='word_1_77' title='bbox 1081 964 1158 1006; x_wconf 81' lang='grc' dir='ltr'>ἄπο</span> 
     </span>
     <span class='ocr_line' id='line_1_14' title="bbox 243 1031 1471 1083; baseline 0.002 -12"><span class='ocrx_word' id='word_1_78' title='bbox 243 1033 395 1083; x_wconf 70' lang='grc' dir='ltr'>ῥίπτειν</span> <span class='ocrx_word' id='word_1_79' title='bbox 422 1033 460 1073; x_wconf 82' lang='grc' dir='ltr'>ἐς</span> <span class='ocrx_word' id='word_1_80' title='bbox 485 1032 618 1082; x_wconf 75' lang='grc' dir='ltr'>οἶδμα;</span> <span class='ocrx_word' id='word_1_81' title='bbox 657 1031 874 1083; x_wconf 86' lang='grc' dir='ltr'>ναυβάταις</span> <span class='ocrx_word' id='word_1_82' title='bbox 899 1034 939 1073; x_wconf 82' lang='grc' dir='ltr'>δὲ</span> <span class='ocrx_word' id='word_1_83' title='bbox 964 1035 1070 1073; x_wconf 90' lang='grc' dir='ltr'>τοῖσι</span> <span class='ocrx_word' id='word_1_84' title='bbox 1095 1035 1181 1074; x_wconf 78' lang='grc' dir='ltr'>σοῖς</span> <span class='ocrx_word' id='word_1_85' title='bbox 1390 1046 1471 1077; x_wconf 85' lang='lat'>1595</span> 
     </span>
     <span class='ocr_line' id='line_1_15' title="bbox 245 1097 985 1153; baseline 0.001 -15"><span class='ocrx_word' id='word_1_86' title='bbox 245 1099 325 1153; x_wconf 73' lang='grc' dir='ltr'>βοᾷ</span> <span class='ocrx_word' id='word_1_87' title='bbox 351 1098 566 1148; x_wconf 81' lang='grc' dir='ltr'>κελευστὴς</span> <span class='ocrx_word' id='word_1_88' title='bbox 590 1097 662 1149; x_wconf 75' lang='grc' dir='ltr'>τὴν</span> <span class='ocrx_word' id='word_1_89' title='bbox 688 1099 869 1139; x_wconf 82' lang='grc' dir='ltr'>ἐναντίαν</span> <span class='ocrx_word' id='word_1_90' title='bbox 894 1100 985 1139; x_wconf 83' lang='grc' dir='ltr'>ὅπα·</span> 
     </span>
     <span class='ocr_line' id='line_1_16' title="bbox 244 1164 1126 1217; baseline 0 -13"><span class='ocrx_word' id='word_1_91' title='bbox 244 1165 328 1204; x_wconf 81' lang='grc' dir='ltr'>Οὐκ</span> <span class='ocrx_word' id='word_1_92' title='bbox 354 1164 402 1205; x_wconf 78' lang='grc' dir='ltr'>εἶ’</span> <span class='ocrx_word' id='word_1_93' title='bbox 427 1164 447 1204; x_wconf 98' lang='lat'><strong>3</strong></span> <span class='ocrx_word' id='word_1_94' title='bbox 471 1164 543 1215; x_wconf 88' lang='grc' dir='ltr'>μέν</span> <span class='ocrx_word' id='word_1_95' title='bbox 568 1181 627 1206; x_wconf 88' lang='grc' dir='ltr'>τις</span> <span class='ocrx_word' id='word_1_96' title='bbox 652 1167 820 1205; x_wconf 82' lang='grc' dir='ltr'>λοῖσθον</span> <span class='ocrx_word' id='word_1_97' title='bbox 846 1165 995 1217; x_wconf 79' lang='grc' dir='ltr'>ἀρεῖται</span> <span class='ocrx_word' id='word_1_98' title='bbox 1022 1166 1126 1216; x_wconf 85' lang='grc' dir='ltr'>δόρυ,</span> 
     </span>
     <span class='ocr_line' id='line_1_17' title="bbox 243 1230 1256 1283; baseline 0.001 -13"><span class='ocrx_word' id='word_1_99' title='bbox 243 1230 265 1270; x_wconf 89' lang='lat'><strong>3</strong></span> <span class='ocrx_word' id='word_1_100' title='bbox 291 1233 332 1271; x_wconf 80' lang='grc' dir='ltr'>δὲ</span> <span class='ocrx_word' id='word_1_101' title='bbox 361 1230 440 1283; x_wconf 79' lang='grc' dir='ltr'>ζύγ’</span> <span class='ocrx_word' id='word_1_102' title='bbox 465 1230 573 1281; x_wconf 78' lang='grc' dir='ltr'>ἄξας,</span> <span class='ocrx_word' id='word_1_103' title='bbox 600 1230 621 1271; x_wconf 90' lang='lat'><strong>3</strong></span> <span class='ocrx_word' id='word_1_104' title='bbox 646 1230 680 1271; x_wconf 83' lang='grc' dir='ltr'>δ’</span> <span class='ocrx_word' id='word_1_105' title='bbox 705 1232 868 1283; x_wconf 79' lang='grc' dir='ltr'>ἀφελὼν</span> <span class='ocrx_word' id='word_1_106' title='bbox 895 1235 1076 1283; x_wconf 84' lang='grc' dir='ltr'>σκαλμοῦ</span> <span class='ocrx_word' id='word_1_107' title='bbox 1101 1230 1256 1282; x_wconf 84' lang='grc' dir='ltr'>πλάτην</span> 
     </span>
     <span class='ocr_line' id='line_1_18' title="bbox 247 1297 1078 1349; baseline 0.001 -11"><span class='ocrx_word' id='word_1_108' title='bbox 247 1298 539 1349; x_wconf 83' lang='grc' dir='ltr'>καθαιματώσει</span> <span class='ocrx_word' id='word_1_109' title='bbox 565 1300 686 1348; x_wconf 77' lang='grc' dir='ltr'>κρᾶτα</span> <span class='ocrx_word' id='word_1_110' title='bbox 711 1299 914 1348; x_wconf 88' lang='grc' dir='ltr'>πολεμίων</span> <span class='ocrx_word' id='word_1_111' title='bbox 933 1297 1078 1348; x_wconf 81' lang='grc' dir='ltr'>ξένων;</span> 
     </span>
    </p>

    <p class='ocr_par' dir='ltr' id='par_1_3' title="bbox 244 1362 1470 1952">
     <span class='ocr_line' id='line_1_19' title="bbox 311 1362 1470 1420; baseline 0.001 -16"><span class='ocrx_word' id='word_1_112' title='bbox 311 1365 419 1416; x_wconf 85' lang='grc' dir='ltr'>ὀρθοὶ</span> <span class='ocrx_word' id='word_1_113' title='bbox 445 1363 478 1403; x_wconf 80' lang='grc' dir='ltr'>δ’</span> <span class='ocrx_word' id='word_1_114' title='bbox 503 1362 650 1420; x_wconf 78' lang='grc' dir='ltr'>ἀνῇξαν</span> <span class='ocrx_word' id='word_1_115' title='bbox 675 1363 833 1411; x_wconf 86' lang='grc' dir='ltr'>πάντες,</span> <span class='ocrx_word' id='word_1_116' title='bbox 862 1364 898 1405; x_wconf 77' lang='grc' dir='ltr'>οἳ</span> <span class='ocrx_word' id='word_1_117' title='bbox 922 1367 995 1415; x_wconf 79' lang='grc' dir='ltr'>μὲν</span> <span class='ocrx_word' id='word_1_118' title='bbox 1019 1366 1062 1405; x_wconf 82' lang='grc' dir='ltr'>ἐν</span> <span class='ocrx_word' id='word_1_119' title='bbox 1087 1368 1223 1418; x_wconf 84' lang='grc' dir='ltr'>χεροῖν</span> <span class='ocrx_word' id='word_1_120' title='bbox 1386 1369 1470 1400; x_wconf 81' lang='lat'>1600</span> 
     </span>
     <span class='ocr_line' id='line_1_20' title="bbox 245 1431 1101 1484; baseline 0 -14"><span class='ocrx_word' id='word_1_121' title='bbox 245 1431 411 1483; x_wconf 78' lang='grc' dir='ltr'>κορμοὺς</span> <span class='ocrx_word' id='word_1_122' title='bbox 435 1431 596 1484; x_wconf 75' lang='grc' dir='ltr'>ἔχοντες</span> <span class='ocrx_word' id='word_1_123' title='bbox 622 1431 835 1477; x_wconf 82' lang='grc' dir='ltr'>ναυτικούς,</span> <span class='ocrx_word' id='word_1_124' title='bbox 862 1431 898 1472; x_wconf 77' lang='grc' dir='ltr'>οἲ</span> <span class='ocrx_word' id='word_1_125' title='bbox 925 1433 966 1472; x_wconf 82' lang='grc' dir='ltr'>δὲ</span> <span class='ocrx_word' id='word_1_126' title='bbox 991 1431 1101 1484; x_wconf 79' lang='grc' dir='ltr'>ξίφη·</span> 
     </span>
     <span class='ocr_line' id='line_1_21' title="bbox 245 1497 1237 1552; baseline 0 -14"><span class='ocrx_word' id='word_1_127' title='bbox 245 1499 355 1552; x_wconf 77' lang='grc' dir='ltr'>φόνῳ</span> <span class='ocrx_word' id='word_1_128' title='bbox 381 1499 423 1538; x_wconf 82' lang='grc' dir='ltr'>δὲ</span> <span class='ocrx_word' id='word_1_129' title='bbox 446 1501 538 1538; x_wconf 88' lang='grc' dir='ltr'>ναῦς</span> <span class='ocrx_word' id='word_1_130' title='bbox 563 1499 724 1549; x_wconf 84' lang='grc' dir='ltr'>ἐρρεῖτο.</span> <span class='ocrx_word' id='word_1_131' title='bbox 797 1497 1105 1550; x_wconf 89' lang='grc' dir='ltr'>παρακέλευσμα</span> <span class='ocrx_word' id='word_1_132' title='bbox 1129 1498 1163 1538; x_wconf 83' lang='grc' dir='ltr'>δ’</span> <span class='ocrx_word' id='word_1_133' title='bbox 1188 1497 1237 1548; x_wconf 78' lang='grc' dir='ltr'>ἣν</span> 
     </span>
     <span class='ocr_line' id='line_1_22' title="bbox 245 1562 1229 1617; baseline 0.001 -13"><span class='ocrx_word' id='word_1_134' title='bbox 245 1562 467 1616; x_wconf 81' lang='grc' dir='ltr'>πρύμνηθεν</span> <span class='ocrx_word' id='word_1_135' title='bbox 491 1563 672 1614; x_wconf 71' lang='grc' dir='ltr'>Ἑλένης’</span> <span class='ocrx_word' id='word_1_136' title='bbox 712 1566 798 1604; x_wconf 89' lang='grc' dir='ltr'>Ποῦ</span> <span class='ocrx_word' id='word_1_137' title='bbox 822 1564 867 1604; x_wconf 84' lang='grc' dir='ltr'>τὸ</span> <span class='ocrx_word' id='word_1_138' title='bbox 891 1564 1069 1617; x_wconf 88' lang='grc' dir='ltr'>Τρωικὸν</span> <span class='ocrx_word' id='word_1_139' title='bbox 1095 1564 1229 1611; x_wconf 89' lang='grc' dir='ltr'>κλέος;</span> 
     </span>
     <span class='ocr_line' id='line_1_23' title="bbox 245 1629 1327 1683; baseline 0 -13"><span class='ocrx_word' id='word_1_140' title='bbox 245 1629 395 1680; x_wconf 77' lang='grc' dir='ltr'>δείξατε</span> <span class='ocrx_word' id='word_1_141' title='bbox 421 1630 517 1682; x_wconf 84' lang='grc' dir='ltr'>πρὸς</span> <span class='ocrx_word' id='word_1_142' title='bbox 542 1630 683 1682; x_wconf 84' lang='grc' dir='ltr'>ἄνδρας</span> <span class='ocrx_word' id='word_1_143' title='bbox 708 1630 953 1683; x_wconf 84' lang='grc' dir='ltr'>βαρβάρους·</span> <span class='ocrx_word' id='word_1_144' title='bbox 992 1634 1166 1682; x_wconf 84' lang='grc' dir='ltr'>σπουδῆς</span> <span class='ocrx_word' id='word_1_145' title='bbox 1191 1631 1224 1671; x_wconf 77' lang='grc' dir='ltr'>δ’</span> <span class='ocrx_word' id='word_1_146' title='bbox 1250 1632 1327 1671; x_wconf 82' lang='grc' dir='ltr'>ὕπο</span> 
     </span>
     <span class='ocr_line' id='line_1_24' title="bbox 245 1696 1469 1749; baseline 0.002 -12"><span class='ocrx_word' id='word_1_147' title='bbox 245 1698 420 1742; x_wconf 81' lang='grc' dir='ltr'>ἔπιπτον,</span> <span class='ocrx_word' id='word_1_148' title='bbox 449 1697 484 1737; x_wconf 79' lang='grc' dir='ltr'>οἲ</span> <span class='ocrx_word' id='word_1_149' title='bbox 509 1696 541 1736; x_wconf 82' lang='grc' dir='ltr'>δ’</span> <span class='ocrx_word' id='word_1_150' title='bbox 568 1697 776 1749; x_wconf 81' lang='grc' dir='ltr'>ὠρθοῦντο,</span> <span class='ocrx_word' id='word_1_151' title='bbox 803 1697 893 1739; x_wconf 85' lang='grc' dir='ltr'>τοὺς</span> <span class='ocrx_word' id='word_1_152' title='bbox 918 1699 960 1738; x_wconf 80' lang='grc' dir='ltr'>δὲ</span> <span class='ocrx_word' id='word_1_153' title='bbox 988 1696 1187 1748; x_wconf 86' lang='grc' dir='ltr'>κειμένους</span> <span class='ocrx_word' id='word_1_154' title='bbox 1387 1700 1469 1740; x_wconf 85' lang='lat'>1605</span> 
     </span>
     <span class='ocr_line' id='line_1_25' title="bbox 245 1762 1228 1818; baseline 0 -14"><span class='ocrx_word' id='word_1_155' title='bbox 245 1763 402 1815; x_wconf 84' lang='grc' dir='ltr'>νεκροὺς</span> <span class='ocrx_word' id='word_1_156' title='bbox 426 1762 474 1803; x_wconf 79' lang='grc' dir='ltr'>ἂν</span> <span class='ocrx_word' id='word_1_157' title='bbox 500 1763 611 1804; x_wconf 76' lang='grc' dir='ltr'>εἶδες.</span> <span class='ocrx_word' id='word_1_158' title='bbox 683 1763 895 1806; x_wconf 81' lang='grc' dir='ltr'>Μενέλεως</span> <span class='ocrx_word' id='word_1_159' title='bbox 921 1763 953 1804; x_wconf 80' lang='grc' dir='ltr'>δ’</span> <span class='ocrx_word' id='word_1_160' title='bbox 981 1763 1085 1818; x_wconf 77' lang='grc' dir='ltr'>ἔχων</span> <span class='ocrx_word' id='word_1_161' title='bbox 1110 1765 1228 1810; x_wconf 87' lang='grc' dir='ltr'>ὅπλα,</span> 
     </span>
     <span class='ocr_line' id='line_1_26' title="bbox 244 1828 1038 1883; baseline 0.001 -14"><span class='ocrx_word' id='word_1_162' title='bbox 244 1831 334 1870; x_wconf 87' lang='grc' dir='ltr'>ὅποι</span> <span class='ocrx_word' id='word_1_163' title='bbox 357 1832 515 1870; x_wconf 85' lang='grc' dir='ltr'>νοσοῖεν</span> <span class='ocrx_word' id='word_1_164' title='bbox 540 1828 737 1883; x_wconf 76' lang='grc' dir='ltr'>ξύμμαχοι</span> <span class='ocrx_word' id='word_1_165' title='bbox 764 1835 1038 1877; x_wconf 85' lang='grc' dir='ltr'>κατασκοπῶν,</span> 
     </span>
     <span class='ocr_line' id='line_1_27' title="bbox 244 1895 977 1952; baseline 0.003 -17"><span class='ocrx_word' id='word_1_166' title='bbox 244 1896 364 1952; x_wconf 83' lang='grc' dir='ltr'>ταύτῃ</span> <span class='ocrx_word' id='word_1_167' title='bbox 389 1898 567 1948; x_wconf 76' lang='grc' dir='ltr'>προσῆγε</span> <span class='ocrx_word' id='word_1_168' title='bbox 591 1897 694 1949; x_wconf 74' lang='grc' dir='ltr'>χειρὶ</span> <span class='ocrx_word' id='word_1_169' title='bbox 720 1895 828 1950; x_wconf 73' lang='grc' dir='ltr'>δεξιᾷ</span> <span class='ocrx_word' id='word_1_170' title='bbox 849 1895 977 1949; x_wconf 78' lang='grc' dir='ltr'>ξίφος,</span> 
     </span>
    </p>
   </div>
   <div class='ocr_carea' id='block_1_3' title="bbox 143 1987 1468 2374">
    <p class='ocr_par' dir='ltr' id='par_1_4' title="bbox 143 1987 1468 2374">
     <span class='ocr_line' id='line_1_28' title="bbox 191 1987 1467 2029; baseline -0.001 -11"><span class='ocrx_word' id='word_1_171' title='bbox 191 1989 271 2027; x_wconf 81' lang='lat'>1583</span> <span class='ocrx_word' id='word_1_172' title='bbox 297 1988 397 2029; x_wconf 72' lang='grc' dir='ltr'>ἔχων]</span> <span class='ocrx_word' id='word_1_173' title='bbox 417 1988 555 2019; x_wconf 75' lang='lat' dir='ltr'>fortasse</span> <span class='ocrx_word' id='word_1_174' title='bbox 575 1989 643 2028; x_wconf 73' lang='grc' dir='ltr'>ἔχει</span> <span class='ocrx_word' id='word_1_175' title='bbox 791 1990 871 2027; x_wconf 86' lang='lat'>1584</span> <span class='ocrx_word' id='word_1_176' title='bbox 896 1990 1010 2028; x_wconf 72' lang='grc' dir='ltr'>λαιμὸν</span> <span class='ocrx_word' id='word_1_177' title='bbox 1030 1989 1243 2027; x_wconf 76' lang='lat' dir='ltr'>Stephanus:</span> <span class='ocrx_word' id='word_1_178' title='bbox 1269 1987 1385 2027; x_wconf 87' lang='grc' dir='ltr'>δαίμον’</span> <span class='ocrx_word' id='word_1_179' title='bbox 1405 1988 1467 2018; x_wconf 88' lang='lat' dir='ltr'>LP</span> 
     </span>
     <span class='ocr_line' id='line_1_29' title="bbox 148 2031 1467 2071; baseline -0.001 -10"><span class='ocrx_word' id='word_1_180' title='bbox 148 2033 228 2070; x_wconf 81' lang='lat'>1586</span> <span class='ocrx_word' id='word_1_181' title='bbox 252 2033 431 2063; x_wconf 83' lang='grc' dir='ltr'>Ναυπλίους</span> <span class='ocrx_word' id='word_1_182' title='bbox 449 2031 627 2062; x_wconf 76' lang='lat' dir='ltr'>Wecklein</span> <span class='ocrx_word' id='word_1_183' title='bbox 722 2032 802 2070; x_wconf 85' lang='lat'>1587</span> <span class='ocrx_word' id='word_1_184' title='bbox 829 2034 864 2063; x_wconf 79' lang='grc' dir='ltr'>ἐκ</span> <span class='ocrx_word' id='word_1_185' title='bbox 880 2034 941 2071; x_wconf 68' lang='grc' dir='ltr'>’γῆς</span> <span class='ocrx_word' id='word_1_186' title='bbox 959 2037 1171 2071; x_wconf 80' lang='lat' dir='ltr'>suspectum:</span> <span class='ocrx_word' id='word_1_187' title='bbox 1201 2031 1263 2061; x_wconf 84' lang='lat' dir='ltr'>nisi</span> <span class='ocrx_word' id='word_1_188' title='bbox 1281 2041 1400 2061; x_wconf 83' lang='lat' dir='ltr'>sensus</span> <span class='ocrx_word' id='word_1_189' title='bbox 1417 2035 1467 2061; x_wconf 82' lang='lat' dir='ltr'>est</span> 
     </span>
     <span class='ocr_line' id='line_1_30' title="bbox 145 2074 1467 2115; baseline 0.001 -12"><span class='ocrx_word' id='word_1_190' title='bbox 145 2077 151 2091; x_wconf 88' lang='lat'>‘</span> <span class='ocrx_word' id='word_1_191' title='bbox 167 2085 240 2104; x_wconf 77' lang='lat' dir='ltr'>cnm</span> <span class='ocrx_word' id='word_1_192' title='bbox 265 2075 361 2105; x_wconf 71' lang='lat' dir='ltr'><strong><em>Terra</em></strong></span> <span class='ocrx_word' id='word_1_193' title='bbox 378 2085 451 2105; x_wconf 79' lang='lat' dir='ltr'>cam</span> <span class='ocrx_word' id='word_1_194' title='bbox 468 2075 663 2105; x_wconf 68' lang='lat' dir='ltr'><em>incolumem</em></span> <span class='ocrx_word' id='word_1_195' title='bbox 677 2075 892 2115; x_wconf 67' lang='lat' dir='ltr'>pracslt&#39;lcrt&#39;t’</span> <span class='ocrx_word' id='word_1_196' title='bbox 993 2075 1075 2113; x_wconf 88' lang='lat'>1588</span> <span class='ocrx_word' id='word_1_197' title='bbox 1100 2077 1131 2106; x_wconf 85' lang='grc' dir='ltr'>ἐς</span> <span class='ocrx_word' id='word_1_198' title='bbox 1148 2074 1202 2104; x_wconf 91' lang='lat' dir='ltr'>hic</span> <span class='ocrx_word' id='word_1_199' title='bbox 1222 2074 1246 2103; x_wconf 92' lang='lat' dir='ltr'>L</span> <span class='ocrx_word' id='word_1_200' title='bbox 1260 2074 1285 2103; x_wconf 91' lang='lat' dir='ltr'>P</span> <span class='ocrx_word' id='word_1_201' title='bbox 1373 2075 1467 2115; x_wconf 80' lang='grc' dir='ltr'>οὔριοι</span> 
     </span>
     <span class='ocr_line' id='line_1_31' title="bbox 145 2117 1468 2159; baseline -0.001 -12"><span class='ocrx_word' id='word_1_202' title='bbox 145 2118 311 2157; x_wconf 80' lang='lat' dir='ltr'>Elmsley:</span> <span class='ocrx_word' id='word_1_203' title='bbox 338 2121 424 2159; x_wconf 78' lang='grc' dir='ltr'>οὔρια</span> <span class='ocrx_word' id='word_1_204' title='bbox 442 2119 467 2148; x_wconf 90' lang='lat' dir='ltr'><strong>L</strong></span> <span class='ocrx_word' id='word_1_205' title='bbox 482 2119 506 2148; x_wconf 81' lang='lat' dir='ltr'>P</span> <span class='ocrx_word' id='word_1_206' title='bbox 700 2128 784 2157; x_wconf 83' lang='lat'>1590</span> <span class='ocrx_word' id='word_1_207' title='bbox 811 2118 925 2157; x_wconf 79' lang='grc' dir='ltr'>’δεξιὰν</span> <span class='ocrx_word' id='word_1_208' title='bbox 942 2117 1078 2156; x_wconf 77' lang='lat' dir='ltr'>Baynes</span> <span class='ocrx_word' id='word_1_209' title='bbox 1094 2129 1100 2147; x_wconf 89' lang='lat'>:</span> <span class='ocrx_word' id='word_1_210' title='bbox 1127 2118 1226 2157; x_wconf 84' lang='grc' dir='ltr'>ἀξίαν·</span> <span class='ocrx_word' id='word_1_211' title='bbox 1245 2117 1270 2146; x_wconf 93' lang='lat' dir='ltr'>L</span> <span class='ocrx_word' id='word_1_212' title='bbox 1286 2117 1311 2146; x_wconf 83' lang='lat' dir='ltr'>P</span> <span class='ocrx_word' id='word_1_213' title='bbox 1330 2128 1337 2146; x_wconf 90' lang='lat'>:</span> <span class='ocrx_word' id='word_1_214' title='bbox 1361 2126 1468 2156; x_wconf 84' lang='lat' dir='ltr'>super</span> 
     </span>
     <span class='ocr_line' id='line_1_32' title="bbox 145 2159 1467 2200; baseline -0.002 -8"><span class='ocrx_word' id='word_1_215' title='bbox 145 2162 163 2192; x_wconf 84' lang='grc' dir='ltr'><strong>ἀ</strong></span> <span class='ocrx_word' id='word_1_216' title='bbox 200 2176 237 2193; x_wconf 85' lang='grc' dir='ltr'>να</span> <span class='ocrx_word' id='word_1_217' title='bbox 269 2162 402 2200; x_wconf 80' lang='lat' dir='ltr'>scripsit</span> <span class='ocrx_word' id='word_1_218' title='bbox 439 2162 452 2191; x_wconf 90' lang='lat' dir='ltr'><em>l</em></span> <span class='ocrx_word' id='word_1_219' title='bbox 468 2173 475 2192; x_wconf 73' lang='grc' dir='ltr'><strong><em>ε</em></strong></span> <span class='ocrx_word' id='word_1_220' title='bbox 514 2162 637 2193; x_wconf 78' lang='grc' dir='ltr'>ἀντίαν·</span> <span class='ocrx_word' id='word_1_221' title='bbox 670 2161 823 2192; x_wconf 67' lang='lat' dir='ltr'>Badhan]</span> <span class='ocrx_word' id='word_1_222' title='bbox 1010 2171 1091 2199; x_wconf 81' lang='lat'>1592</span> <span class='ocrx_word' id='word_1_223' title='bbox 1131 2160 1312 2200; x_wconf 74' lang='grc' dir='ltr'>συμμάχοις</span> <span class='ocrx_word' id='word_1_224' title='bbox 1348 2159 1467 2190; x_wconf 90' lang='lat' dir='ltr'><strong>Nauck</strong></span> 
     </span>
     <span class='ocr_line' id='line_1_33' title="bbox 147 2202 1468 2245; baseline -0.002 -9"><span class='ocrx_word' id='word_1_225' title='bbox 147 2214 227 2243; x_wconf 83' lang='grc'>1595</span> <span class='ocrx_word' id='word_1_226' title='bbox 253 2204 422 2241; x_wconf 74' lang='grc' dir='ltr'>ναυβάταις</span> <span class='ocrx_word' id='word_1_227' title='bbox 441 2210 486 2245; x_wconf 76' lang='lat' dir='ltr'>j).</span> <span class='ocrx_word' id='word_1_228' title='bbox 513 2205 660 2237; x_wconf 81' lang='grc' dir='ltr'>ναυάταις</span> <span class='ocrx_word' id='word_1_229' title='bbox 686 2205 751 2235; x_wconf 82' lang='lat' dir='ltr'>LP</span> <span class='ocrx_word' id='word_1_230' title='bbox 901 2205 982 2242; x_wconf 82' lang='grc'>1596</span> <span class='ocrx_word' id='word_1_231' title='bbox 1007 2204 1153 2235; x_wconf 79' lang='grc' dir='ltr'>ἐναντίαν</span> <span class='ocrx_word' id='word_1_232' title='bbox 1177 2203 1207 2233; x_wconf 86' lang='lat' dir='ltr'>l:</span> <span class='ocrx_word' id='word_1_233' title='bbox 1233 2203 1376 2234; x_wconf 83' lang='grc' dir='ltr'>ἐναντίον</span> <span class='ocrx_word' id='word_1_234' title='bbox 1400 2202 1426 2232; x_wconf 86' lang='lat' dir='ltr'><strong>L</strong></span> <span class='ocrx_word' id='word_1_235' title='bbox 1441 2202 1468 2232; x_wconf 88' lang='grc' dir='ltr'>Ρ</span> 
     </span>
     <span class='ocr_line' id='line_1_34' title="bbox 148 2246 1467 2289; baseline 0.002 -13"><span class='ocrx_word' id='word_1_236' title='bbox 148 2258 227 2286; x_wconf 83' lang='grc'>1597</span> <span class='ocrx_word' id='word_1_237' title='bbox 253 2250 308 2279; x_wconf 75' lang='grc' dir='ltr'>οὐκ</span> <span class='ocrx_word' id='word_1_238' title='bbox 327 2248 380 2287; x_wconf 80' lang='grc' dir='ltr'>εἶ’]</span> <span class='ocrx_word' id='word_1_239' title='bbox 409 2261 460 2289; x_wconf 75' lang='grc' dir='ltr'>γρ.</span> <span class='ocrx_word' id='word_1_240' title='bbox 491 2250 604 2279; x_wconf 76' lang='grc' dir='ltr'>οὔκουν</span> <span class='ocrx_word' id='word_1_241' title='bbox 630 2247 670 2277; x_wconf 77' lang='lat' dir='ltr'>L2</span> <span class='ocrx_word' id='word_1_242' title='bbox 774 2250 904 2279; x_wconf 75' lang='grc' dir='ltr'>λοῖσθον</span> <span class='ocrx_word' id='word_1_243' title='bbox 930 2252 1150 2286; x_wconf 74' lang='lat' dir='ltr'>Suspectum:</span> <span class='ocrx_word' id='word_1_244' title='bbox 1180 2246 1319 2276; x_wconf 76' lang='lat' dir='ltr'>sortasse</span> <span class='ocrx_word' id='word_1_245' title='bbox 1345 2249 1467 2278; x_wconf 80' lang='grc' dir='ltr'>θᾶσσον</span> 
     </span>
     <span class='ocr_line' id='line_1_35' title="bbox 144 2289 1466 2332; baseline -0.001 -11"><span class='ocrx_word' id='word_1_246' title='bbox 144 2292 263 2331; x_wconf 76' lang='grc' dir='ltr'>ἀρεῖται</span> <span class='ocrx_word' id='word_1_247' title='bbox 282 2290 434 2330; x_wconf 84' lang='lat' dir='ltr'>Elmsley</span> <span class='ocrx_word' id='word_1_248' title='bbox 450 2302 456 2321; x_wconf 91' lang='lat'><strong>:</strong></span> <span class='ocrx_word' id='word_1_249' title='bbox 482 2293 613 2332; x_wconf 78' lang='grc' dir='ltr'>αἱρεῖται</span> <span class='ocrx_word' id='word_1_250' title='bbox 632 2291 679 2321; x_wconf 86' lang='lat' dir='ltr'>P:</span> <span class='ocrx_word' id='word_1_251' title='bbox 703 2292 834 2331; x_wconf 82' lang='grc' dir='ltr'>αἱρεῖται</span> <span class='ocrx_word' id='word_1_252' title='bbox 853 2290 879 2320; x_wconf 91' lang='lat' dir='ltr'><strong>L</strong></span> <span class='ocrx_word' id='word_1_253' title='bbox 950 2291 1031 2328; x_wconf 83' lang='lat'>1598</span> <span class='ocrx_word' id='word_1_254' title='bbox 1057 2290 1184 2322; x_wconf 83' lang='grc' dir='ltr'>πλάταν</span> <span class='ocrx_word' id='word_1_255' title='bbox 1201 2289 1227 2319; x_wconf 90' lang='grc' dir='ltr'><em>Ρ</em></span> <span class='ocrx_word' id='word_1_256' title='bbox 1304 2291 1386 2327; x_wconf 83' lang='grc'>1604</span> <span class='ocrx_word' id='word_1_257' title='bbox 1405 2289 1466 2321; x_wconf 85' lang='grc' dir='ltr'>δεί-</span> 
     </span>
     <span class='ocr_line' id='line_1_36' title="bbox 143 2331 1466 2374; baseline -0.001 -9"><span class='ocrx_word' id='word_1_258' title='bbox 143 2337 217 2373; x_wconf 83' lang='grc' dir='ltr'>ξατε</span> <span class='ocrx_word' id='word_1_259' title='bbox 249 2334 274 2363; x_wconf 94' lang='lat' dir='ltr'><strong>L</strong></span> <span class='ocrx_word' id='word_1_260' title='bbox 290 2345 296 2364; x_wconf 80' lang='lat' dir='ltr'>z</span> <span class='ocrx_word' id='word_1_261' title='bbox 330 2334 490 2374; x_wconf 79' lang='grc' dir='ltr'>δείξαντες</span> <span class='ocrx_word' id='word_1_262' title='bbox 520 2334 546 2364; x_wconf 89' lang='grc' dir='ltr'><em>Ρ</em></span> <span class='ocrx_word' id='word_1_263' title='bbox 563 2345 569 2363; x_wconf 88' lang='lat'>:</span> <span class='ocrx_word' id='word_1_264' title='bbox 604 2334 697 2366; x_wconf 77' lang='grc' dir='ltr'>κλέος</span> <span class='ocrx_word' id='word_1_265' title='bbox 727 2334 846 2373; x_wconf 85' lang='grc' dir='ltr'>δείξετε</span> <span class='ocrx_word' id='word_1_266' title='bbox 876 2333 1034 2373; x_wconf 81' lang='lat' dir='ltr'>Hartung</span> <span class='ocrx_word' id='word_1_267' title='bbox 1186 2334 1266 2371; x_wconf 86' lang='lat'>1607</span> <span class='ocrx_word' id='word_1_268' title='bbox 1291 2335 1414 2364; x_wconf 83' lang='grc' dir='ltr'>νοσεῖεν</span> <span class='ocrx_word' id='word_1_269' title='bbox 1441 2331 1466 2362; x_wconf 88' lang='grc' dir='ltr'>Ρ</span> 
     </span>
    </p>
   </div>
   <div class='ocr_carea' id='block_1_4' title="bbox 147 2376 632 2419">
    <p class='ocr_par' dir='ltr' id='par_1_5' title="bbox 147 2376 632 2419">
     <span class='ocr_line' id='line_1_37' title="bbox 147 2376 632 2419; baseline 0.006 -13"><span class='ocrx_word' id='word_1_270' title='bbox 147 2378 228 2407; x_wconf 81' lang='lat'>1608</span> <span class='ocrx_word' id='word_1_271' title='bbox 251 2376 354 2419; x_wconf 78' lang='grc' dir='ltr'>δεξιᾷ]</span> <span class='ocrx_word' id='word_1_272' title='bbox 372 2378 514 2408; x_wconf 80' lang='lat' dir='ltr'>fortasse</span> <span class='ocrx_word' id='word_1_273' title='bbox 531 2378 632 2417; x_wconf 80' lang='grc' dir='ltr'>δεξιὸν</span> 
     </span>
    </p>
   </div>
  </div>
 </body>
</html>
