1658 2740
627 123 969 161 ΕΎΡΙΠΙΔΟΎ

231 226 394 270 λέοντος
420 226 465 268 ὃν
492 227 651 279 πάρειμι
680 228 875 280 θηράσασ’
901 228 989 281 ἐγώ.
1374 242 1456 274 1215

130 323 201 362 Ka.
230 321 377 362 ἕπεσθέ
400 338 467 373 μοι
493 321 682 375 φέροντες
708 322 846 363 ἄθλιον
871 322 996 375 βάρος

230 388 427 434 Πενθέως,
456 389 615 436 ἔπεσθε,
646 390 885 441 πρόσπολοι,
914 390 1043 441 δόμων
1069 389 1204 443 πάρος,

227 454 270 494 οὗ
297 458 411 506 σῶμα
435 458 598 510 μοχθῶν
623 457 774 507 μυρίοις
803 455 1018 507 ζητήμασιν

226 520 334 573 φέρω
360 522 454 570 τόδ’,
483 523 603 574 εὑρὼν
630 524 672 563 ἐν
699 525 941 575 Κιθαιρῶνος
965 526 1133 576 πτυχαῖς

225 589 531 640 διασπαρακτόν,
565 588 700 629 κούδὲν
726 591 768 630 ἐν
793 589 916 644 ταύτῷ
943 589 1047 644 πέδῳ
1372 604 1456 627 1220

224 655 377 706 λαβών,
405 657 446 696 ἐν
471 657 546 712 ὕλῃ
576 657 755 707 κείμενον
781 656 1010 711 δυσευρέτῳ.

290 722 440 773 ἤκουσα
466 722 540 774 γάρ
566 739 634 762 του
654 722 881 775 θυγατέρων
907 722 1153 774 τολμήματα,

223 789 294 839 ἤδη
323 789 403 828 κατ’
429 789 531 829 ἄστυ
554 788 719 842 τειχέων
749 789 828 830 ἔσω
856 790 994 840 βεβὼς

224 856 297 896 σὺν
322 859 374 910 τῷ
400 855 555 908 γέροντι
580 857 769 910 Τειρεσίᾳ
799 859 967 910 Βακχῶν
992 855 1109 908 πάρα·

223 922 345 963 πάλιν
370 924 411 963 δὲ
438 921 600 975 κάμψας
629 924 684 965 εἰς
709 924 798 974 ὅρος
825 923 1028 974 κομίζομαι
1371 937 1453 968 1225

220 989 289 1030 τὸν
316 990 559 1030 κατθανόντα
585 991 707 1030 παῖδα
738 989 955 1031 Μαινάδων
982 990 1070 1032 ὕπο.

225 1057 286 1096 καὶ
310 1056 381 1106 τὴν
406 1058 478 1107 μὲν
503 1054 691 1097 Ἀκτέων’
718 1055 934 1112 Ἀρισταίῳ
962 1060 1059 1099 ποτὲ

220 1126 412 1164 τεκοῦσαν
439 1122 542 1163 εἶδον
570 1122 769 1173 Αὐτονόην
794 1122 880 1164 Ἰνώ
910 1123 944 1164 θ’
969 1123 1049 1174 ἅμα

220 1189 274 1230 ἔτ’
301 1191 403 1242 ἀμφὶ
428 1189 592 1241 δρυμοὺς
618 1191 916 1242 οἰστροπλῆγας
943 1190 1097 1237 ἀθλίας,

219 1256 290 1307 τὴν
315 1256 346 1296 δ’
373 1255 458 1297 εἶπέ
482 1256 541 1298 τίς
565 1272 632 1307 μοι
658 1259 767 1308 δεῦρο
794 1257 971 1311 βακχείῳ
998 1257 1088 1298 ποδὶ
1371 1269 1454 1302 1230

219 1324 393 1378 στείχειν
417 1322 605 1375 Ἀγαύην,
634 1322 712 1363 οὐδ’
741 1322 898 1375 ἄκραντ’
923 1323 1162 1375 ἠκούσαμεν·

217 1390 379 1430 λεύσσω
404 1391 479 1442 γὰρ
504 1388 637 1439 αὐτήν,
667 1391 763 1441 ὄψιν
788 1390 857 1430 οὐκ
887 1390 1108 1441 εὐδαίμονα.

118 1461 189 1510 Ay.
218 1456 351 1508 πάτερ,
379 1456 571 1509 μέγιστον
598 1454 799 1508 κομπάσαι
823 1456 995 1510 πάρεστί
1018 1474 1096 1503 σοι,

216 1523 373 1565 πάντων
399 1524 563 1576 ἀρίστας
589 1522 802 1575 θυγατέρας
837 1528 994 1576 σπεῖραι
1018 1527 1151 1579 μακρῷ

215 1594 380 1641 θνητῶν·
419 1588 576 1632 ἁπάσας
606 1589 729 1636 εἷπον,
756 1588 906 1644 ἐξόχως
938 1591 970 1631 δ’
997 1590 1078 1642 ἐμέ,
1370 1602 1452 1634 1235

216 1657 238 1709 ἢ
264 1659 333 1699 τὰς
358 1657 446 1710 παρ’
474 1659 600 1700 ἱστοῖς
630 1658 849 1698 ἐκλιποῦσα
882 1658 1058 1710 κερκίδας

215 1727 255 1767 ἐς
277 1723 423 1775 μείζον’
448 1724 541 1775 ἥκω,
569 1725 690 1776 θῆρας
724 1724 904 1776 ἀγρεύειν
928 1728 1077 1778 χεροῖν.

217 1791 324 1844 φέρω
351 1790 383 1830 δ’
409 1793 451 1832 ἐν
478 1789 704 1837 ὠλέναισιν,
743 1791 794 1833 ὡς
819 1791 924 1847 ὁρᾷς,
951 1789 1043 1832 τάδε

214 1861 403 1909 λαβοῦσα
427 1858 642 1909 τάριστεῖα,
672 1861 782 1898 σοῖσι
818 1858 914 1910 πρὸς
939 1859 1070 1909 δόμοις

215 1926 266 1968 ὡς
291 1926 561 1982 ἀγκρεμασθῇ·
600 1924 650 1965 σὺ
684 1924 739 1970 δέ,
767 1922 903 1977 πάτερ,
934 1923 1042 1976 δέξαι
1065 1928 1213 1979 χεροῖν·
1367 1936 1452 1968 1²40

215 1992 479 2045 γαυρούμενος
506 1994 549 2032 δὲ
582 1994 663 2033 τοῖς
689 1992 796 2042 ἐμοῖς
826 1991 1070 2044 ἀγρεύμασιν

216 2058 327 2100 κάλει
353 2059 497 2111 φίλους
524 2059 565 2100 ἐς
600 2061 726 2098 δαῖτα·
763 2056 951 2111 μακάριος
976 2060 1052 2110 γὰρ
1077 2057 1123 2104 εἳ,

162 2153 243 2183 1218
266 2152 398 2193 μόχθων
422 2149 603 2181 Wecklein
727 2159 809 2190 1219
833 2154 1003 2192 Κιθερῶνος
1022 2150 1048 2180 Ρ
1165 2159 1248 2189 1223
1273 2150 1335 2182 ἔσω
1352 2149 1406 2181 hic
1424 2149 1450 2180 P

119 2206 199 2235 1224
224 2196 307 2237 πάρα
327 2195 512 2234 Musgrave
530 2205 536 2225 :
560 2194 628 2236 πέρι
648 2193 674 2224 Ρ
825 2204 905 2233 1227
932 2194 1081 2226 &malcus
1099 2193 1235 2235 ἆριστέω
1254 2192 1302 2225 P:
1325 2193 1368 2224 cf.
1387 2203 1448 2232 337

122 2239 264 2281 s&pz‹r7·e'a
275 2240 314 2279 p)
470 2247 553 2277 1229
577 2238 709 2278 δρυμοὺς
728 2236 845 2268 Bruhn
863 2249 869 2268 :
895 2240 1019 2278 δρυμοῖς
1038 2236 1064 2268 Ρ
1210 2246 1294 2276 1230
1316 2236 1405 2275 τήνδ’
1423 2236 1450 2266 Ρ

118 2293 199 2322 1232
225 2284 327 2321 αὐτήν
349 2282 522 2321 Scaliger:
547 2283 643 2319 αὐτῆς
663 2280 689 2310 Ρ
781 2290 862 2320 1237
885 2280 994 2321 μεῖζον
1013 2280 1091 2311 Chr.
1113 2279 1183 2311 Pat.
1208 2282 1268 2320 163
1356 2281 1450 2321 θῆρας

116 2327 147 2355 in
176 2337 240 2356 ras.
273 2336 338 2358 scr.
368 2332 393 2366 p
602 2334 685 2362 1240
710 2325 915 2366 ἀγκρεμασθῆ
943 2324 1147 2354 Hermann:
1171 2325 1210 2355 ἂν
1233 2325 1397 2365 κρεμασθῇ
1424 2322 1450 2352 Ρ

119 2379 197 2407 1241
229 2372 405 2409 ἐκγαυμιῶν
423 2369 508 2399 coni.
528 2367 707 2398 &Vecklein
725 2378 731 2397 :
759 2368 822 2398 vid.
843 2359 906 2398 sub¹
922 2368 988 2398 fine
1007 2367 1138 2398 fabulae
1156 2367 1237 2405 frag.
1256 2377 1276 2404 3
1363 2368 1448 2404 ἐμοῖς

123 2412 304 2442 Musurus:
332 2414 407 2450 ἐμῆς
427 2412 452 2441 Ρ
