1658 2740
710 135 1055 172 ΕΎΡΙΠΙΔΟΎ

252 236 259 253 ³
312 240 402 292 παρ’
427 240 539 280 οὐδὲν
565 240 700 282 αὐταῖς
725 238 773 290 ἦν
798 239 845 280 ἂν
870 240 1037 280 ὀλλύναι
1062 241 1202 282 πόσεις

235 238 282 387 (I
312 306 494 357 ἐπίκλημ’
522 307 712 360 ἐχούσαις
736 307 759 347 ὅ
782 323 820 346 τι
844 306 970 360 τύχοι.
1042 306 1190 358 δράσας
1214 306 1247 348 δ’
1271 308 1351 359 ἐγὼ
1477 320 1541 353 570

311 373 417 420 δείν’,
446 373 496 415 ὡς
522 373 572 414 σὺ
599 378 773 425 κομπεῖς,
800 373 904 414 τόνδ’
931 374 1086 414 ἔπαυσα
1108 373 1178 414 τὸν
1205 374 1340 425 νόμον.

311 444 440 491 μισῶν
465 442 506 481 δὲ
531 440 666 493 μητέρ’
695 442 855 482 ἐνδίκως
880 441 1085 486 ἀπώλεσα,

309 508 394 558 ἥτις
418 507 503 559 μεθ’
529 509 664 548 ὅπλων
691 507 797 560 ἄνδρ’
824 507 960 548 ἀπόντ’
988 509 1030 547 ἐκ
1055 506 1244 558 δωμάτων

312 573 444 625 πάσης
468 575 565 627 ὑπὲρ
592 577 665 627 γῆς
690 574 888 617 Ἑλλάδος
914 574 1193 627 στρατηλάτην

310 641 509 693 προύδωκε
535 641 627 681 κούκ
654 641 778 696 ἔσῳσ’
804 641 998 694 ἀκήρατον
1023 641 1156 694 λέχος·
1479 654 1542 686 575

310 708 395 749 ἐπεὶ
421 707 453 748 δ’
479 707 696 760 ἁμαρτοῦσ’
719 707 868 764 ιἦσθα’,
896 709 969 761 οὐχ
994 709 1091 765 αὐτῇ
1115 709 1226 758 δίκην

311 774 513 825 ἐπέθηκεν,
541 774 646 821 ἀλλ’,
677 775 727 816 ὡς
752 774 805 825 μὴ
831 775 942 824 δίκην
967 775 1050 825 δοίη
1076 775 1207 821 πόσει,

311 842 505 892 ἐζημίωσε
530 841 682 893 πατέρα
709 840 928 882 κάπέκτειν’
955 842 1062 892 ἐμόν.

309 911 405 960 πρὸς
431 910 634 949 θεῶν-ἐν
659 909 704 949 οὐ
731 912 838 963 καλῷ
863 910 936 959 μὲν
963 907 1165 959 ἐμνήσθην
1190 910 1303 955 θεῶν,

311 976 438 1027 φόνον
463 974 642 1026 δικάζων·
683 977 716 1016 εἰ
741 978 783 1016 δὲ
809 975 855 1026 δὴ
881 977 929 1015 τέι
953 974 1120 1027 μητέρος
1484 979 1544 1018 580

308 1047 435 1095 σιγῶν
461 1041 640 1100 ἐπῄνουν,
669 1044 710 1083 τί
731 1042 770 1094 μ’
790 1042 838 1083 ἂν
864 1041 999 1094 ἔδρασ’
1025 1043 1046 1081 ὁ
1073 1042 1294 1088 κατθανών,·

307 1110 378 1150 οὐκ
403 1110 450 1149 ἄν
474 1127 524 1161 με
547 1113 677 1161 μισῶν
704 1109 906 1163 ἀνεχόρευ’
934 1109 1160 1161 Ἐρινύσιν,·

309 1173 332 1226 ἢ
357 1177 472 1227 μητρὶ
497 1178 569 1227 μὲν
595 1176 757 1228 πάρεισι
781 1177 985 1229 σύμμαχοι
1011 1177 1108 1221 θεαί,

310 1244 362 1297 τῷ
391 1243 422 1283 δ’
448 1243 492 1283 οὐ
517 1242 691 1295 πάρεισι,
720 1245 878 1293 μᾶλλον
903 1241 1142 1296 ἠδικημένῳ;

309 1309 362 1349 σύ
385 1326 446 1350 τοι
471 1310 670 1362 φυτεύσας
698 1309 892 1362 θυγατέρ’,
920 1307 949 1348 ὦ
975 1308 1105 1361 γέρον,
1134 1308 1256 1359 κακὴν
1479 1312 1542 1351 585

311 1376 525 1419 ἀπώλεσάς
549 1393 610 1427 με·
649 1378 715 1416 διὰ
739 1376 785 1416 τὸ
810 1378 886 1428 γὰρ
914 1377 1041 1426 κείνης
1067 1374 1216 1427 θράσος

311 1443 456 1495 πατρὸς
481 1444 684 1495 στερηθεὶς
713 1444 907 1495 ἐγενόμην
934 1443 1209 1495 μητροκτόνος.

379 1511 482 1565 ὁρᾷς,
510 1509 744 1552 Ὀδυσσέως
771 1509 921 1563 ἄλοχον
950 1509 994 1549 οὐ
1019 1509 1231 1550 κατέκτανε

310 1576 561 1630 Τηλέμαχος·
600 1577 643 1617 οὐ
669 1579 744 1630 γὰρ
772 1576 961 1629 ἐπεγάμει
980 1577 1097 1617 πόσει
1125 1577 1258 1622 πόσιν,

310 1643 419 1694 μένει
444 1643 475 1684 δ’
503 1645 544 1684 ἐν
570 1644 689 1685 οἴκοις
716 1644 826 1702 ἓῥχιὲς
851 1642 1090 1699 εὐνατήριον.
1479 1655 1544 1685 590

379 1712 469 1765 ὁρᾷς
495 1710 528 1751 δ’
554 1709 794 1756 Ἀπόλλων’,
825 1709 871 1753 ὃς
891 1709 1179 1762 μεσομφάλους
1206 1710 1320 1762 ἕδρας

311 1779 430 1818 ναίων
454 1781 639 1829 βροτοῖσι
666 1778 797 1828 στόμα
831 1776 939 1829 νέμει
965 1776 1237 1830 σαφέστατον,

747 1844 756 1858 '
786 1844 804 1858 e!
835 1843 844 1858 '
877 1844 893 1860 Q&

312 1843 340 1899 ᾧ
364 1845 612 1896 πειθόμεσθα
639 1844 718 1885 πάν
781 1861 833 1884 οσ
874 1862 922 1885 αν
950 1847 1074 1885 κεῖνος
1093 1843 1207 1900 λέγῃ·

310 1913 432 1966 τούτῳ
458 1912 669 1963 πιθόμενος
693 1911 765 1962 τὴν
795 1915 990 1953 τεκοῦσαν
1017 1911 1192 1952 ἔκτανον.

255 2007 318 2045 569
342 2005 431 2047 παρ’]
449 2005 540 2047 παρδ’
561 2005 593 2035 Μ
686 2004 726 2043 ἧν
744 2007 783 2038 ’ἂν
800 2007 910 2037 αὐταῖς
927 2005 958 2035 V
1107 2014 1170 2043 573
1196 2002 1318 2035 ἀπόντα
1335 2002 1488 2042 δωμάτων
1508 2002 1542 2033 Η

211 2060 273 2089 574
296 2051 358 2090 ’γὴν
376 2049 409 2079 Μ
544 2058 607 2088 575
636 2049 758 2081 ἔσωσεν
775 2050 872 2079 codd.
1007 2048 1072 2086 576
1095 2050 1151 2080 οὐκ
1169 2048 1249 2085 αὐτὴ
1268 2047 1300 2076 Μ
1425 2056 1489 2085 579
1509 2048 1544 2078 ἐν

211 2094 262 2133 0ὐῖ
282 2095 337 2125 οὐκ
355 2096 387 2124 ἐν
406 2093 432 2122 Ρ
575 2093 640 2132 580
661 2093 797 2133 ματέρος
816 2093 849 2122 Μ
862 2091 893 2121 A
1036 2092 1097 2130 581
1123 2090 1155 2130 ὃ]
1174 2093 1209 2122 οὐ
1227 2090 1276 2120 M²
1409 2090 1472 2129 585
1492 2102 1542 2121 τοι

211 2148 273 2168 om.
296 2137 329 2167 M
442 2136 545 2176 γέρων
562 2137 720 2175 primitus
741 2136 766 2165 P
945 2136 1008 2173 586
1031 2136 1068 2166 τὸ
1087 2136 1149 2175 γὰρ
1169 2144 1254 2165 rece.
1273 2145 1280 2164 ε
1304 2133 1367 2175 ’γὰρ
1387 2134 1426 2165 τὸ
1444 2132 1542 2164 codd.

212 2181 364 2219 588-590
386 2181 449 2210 del.
471 2180 636 2210 Dindorf:
663 2180 741 2210 citat
759 2179 866 2210 Clem.
883 2178 983 2209 Alex.
1004 2179 1106 2209 Paed.
1124 2189 1156 2217 3,
1174 2188 1206 2218 p.
1223 2188 1287 2217 279
1397 2177 1462 2215 588
1486 2177 1543 2207 οὐκ

213 2224 324 2256 ἔκτανε
358 2223 383 2253 Ρ
546 2224 610 2262 589
647 2223 742 2254 πόσιν
774 2222 866 2254 πόσει
900 2223 931 2252 V
1097 2232 1163 2261 590
1203 2220 1412 2262 εὐναστήριον
1443 2219 1542 2250 codd.

212 2277 270 2306 591
295 2270 322 2299 δ’
335 2278 401 2299 om.
417 2267 448 2297 M
463 2267 489 2297 P
579 2266 761 2298 Ἀπόλλων’
778 2266 826 2295 Μ2
837 2265 868 2295 Α
881 2265 907 2295 Β
923 2266 948 2295 L
961 2265 1002 2296 P:
1027 2265 1200 2297 Ἀπόλλων
1216 2264 1248 2294 Μ
1260 2264 1289 2295 V
1378 2273 1440 2303 592
1462 2263 1542 2295 ναίει

213 2314 378 2352 βροτοῖσιν
397 2313 438 2343 εἰς
457 2310 562 2349 στόμα
581 2309 683 2350 νέμων
701 2309 893 2349 σαφέστατα
910 2309 1016 2340 Clem.
1034 2309 1134 2340 Alex.
1149 2309 1256 2340 Protr.
1276 2318 1307 2347 p.
1323 2307 1364 2345 65
1382 2311 1540 2345 corrupte

213 2365 276 2393 593
304 2354 473 2393 πειθόμεθα
500 2353 532 2383 Μ
625 2355 742 2385 ἐκεῖνος
769 2352 795 2382 Ρ
893 2352 985 2393 λέγει
1012 2353 1058 2383 L:
1086 2363 1171 2383 corr.
1203 2352 1216 2381 l
1312 2360 1444 2381 versum
1474 2360 1538 2380 om.

213 2398 382 2430 Clemens.
403 2398 466 2427 del.
490 2396 606 2427 Nauck
751 2406 812 2435 594
835 2395 956 2436 τούτῳ]
977 2397 1069 2436 κείνῳ
1087 2396 1244 2426 Clemens
1356 2392 1539 2432 πειθόμενος

215 2442 309 2472 codd.
327 2446 360 2471 et
379 2441 538 2471 Clemens
