1622 2740
621 114 968 155 ΕΥΡΙΠΙΔΟΥ

131 219 409 248 ΜΕΝΕᾹΕΩΣ

228 283 257 324 ὦ
284 287 352 327 τὰς
378 286 612 337 τεθρίππους
632 284 819 340 Οἰνομάῳ
847 289 983 326 Πῖσαν
1009 284 1107 326 κάτα

229 351 377 404 Πέλοψ
403 353 575 403 ἁμίλλας
601 350 877 403 ἐξαμιλληθείς
903 369 1010 397 ποτε,

230 417 299 458 εἴθ’
326 419 481 470 ὤφελες
506 419 601 466 τόθ’,
630 419 729 470 ἡνίκ’
755 419 895 471 ἔρανον
922 420 976 460 εἷς
1001 418 1113 460 θεοὺς

229 485 406 526 πεισθεὶς
433 486 591 531 ἐποίεις,
620 487 661 526 ἐν
687 487 790 527 θεοῖς
815 489 947 526 λιπεῖν
971 485 1078 536 βίον,

231 551 322 602 πρὶν
347 551 415 592 τὸν
442 551 535 602 ἐμὸν
560 551 702 603 Ἀτρέα
726 551 875 604 πατέρα
900 552 1097 603 γεννῆσαί
1117 567 1225 596 ποτε,
1396 562 1459 595 390

230 616 272 658 ὃς
298 616 492 668 ἐξέφυσεν
517 617 710 670 Ἀερόπης
734 617 912 670 λέκτρων
936 617 1014 658 ἄπο

231 682 492 735 Ἀγαμέμνον’
518 683 587 734 ἐμέ
610 701 652 724 τε
678 683 906 730 Μενέλεων,
935 687 1090 725 κλεινὸν
1117 683 1244 736 ζυγόν·

232 752 422 789 πλεῖστον
447 751 521 801 γὰρ
548 749 779 800 οἶμαι-καὶ
804 750 884 791 τόδ’
909 750 954 790 οὐ
980 751 1115 804 κόμπῳ
1143 749 1310 803 λέγω-

234 814 458 867 στράτευμα
484 816 593 872 κώπῃ
620 818 790 868 διορίσαι
815 817 964 868 Τροίαν
989 816 1067 862 ἔπι,

230 882 419 932 τύραννος
445 881 558 922 οὐδὲν
583 882 679 934 πρὸς
704 884 801 933 βίαν
827 886 1123 934 στρατηλατῶν,
1400 894 1459 927 395

231 950 365 988 ἑκοῦσι
390 947 422 987 δ’
447 947 567 1000 ἄρξας
592 949 788 990 Ἑλλάδος
813 950 998 990 νεανίαις.

232 1014 294 1053 καὶ
319 1013 408 1055 τοὺς
432 1017 504 1063 μὲν
534 1014 658 1055 οὐκέτ’
684 1017 799 1057 ὄντας
824 1015 1040 1066 ἀριθμῆσαι
1063 1014 1180 1067 πάρα,

230 1079 320 1121 τοὺς
346 1079 378 1120 δ’
405 1081 445 1120 ἐκ
473 1080 683 1131 θαλάσσης
707 1081 905 1132 ἀσμένους
930 1082 1191 1133 πεφευγότας,

231 1150 376 1198 νεκρῶν
402 1145 598 1199 φέροντας
624 1147 782 1198 ὀνόματ’
808 1149 863 1190 εἰς
887 1149 1014 1189 οἴκους
1041 1146 1176 1188 πάλιν.

232 1213 309 1265 ἐγὼ
335 1212 368 1252 δ’
397 1212 457 1253 ἐπ’
484 1214 598 1264 οῖὸμα
623 1214 785 1254 πόντιον
810 1216 984 1266 γλαυκῆς
1010 1212 1106 1255 ἁλὸς
1394 1227 1463 1258 400

232 1278 393 1330 τλήμων
419 1280 574 1331 ἀλῶμαι
599 1280 746 1333 χρόνον
771 1281 945 1332 ὅσονπερ
972 1279 1094 1320 Ἰλίου

232 1345 402 1398 πύργους
427 1346 590 1398 ἔπερσα,
620 1347 687 1388 κάς
712 1346 864 1399 πάτραν
889 1344 1044 1403 χρῄζων
1069 1349 1207 1398 μολεῖν

231 1412 299 1452 οὐκ
325 1411 505 1463 ἀξιοῦμαι
529 1416 641 1453 τοῦδε
667 1413 762 1465 πρὸς
788 1415 887 1454 θεῶν
911 1417 1059 1467 τυχεῖν.

232 1479 384 1529 Λιβύης
409 1478 442 1517 τ’
468 1478 634 1530 ἐρήμους
659 1479 819 1530 ἀξένους
843 1479 877 1519 τ’
903 1480 1117 1532 ἐπιδρομὰς

231 1544 433 1585 πέπλευκα
457 1545 602 1587 πάσας·
639 1546 772 1599 χῶταν
799 1546 916 1598 ἐγγὺς
941 1544 970 1586 ὦ
996 1545 1159 1598 πάτρας,
1399 1558 1462 1590 405

234 1610 354 1651 πάλιν
377 1611 416 1662 μ’
444 1612 597 1652 ἀπωθεῖ
619 1615 782 1663 πνεῦμα,
813 1611 969 1653 κοῦποτ’
996 1613 1126 1665 οὔριον

231 1678 379 1728 ἐσῆλθε
403 1682 552 1730 λαῖφος
577 1679 681 1719 ὥστε
704 1678 744 1729 μ’
771 1680 810 1720 ἐς
835 1678 986 1731 πάτραν
1010 1682 1161 1729 μολεῖν.

299 1744 361 1784 καὶ
387 1747 455 1785 νῦν
479 1744 603 1787 τάλας
628 1745 798 1797 ναυαγὸς
824 1744 1027 1787 ἀπολέσας
1053 1746 1196 1797 φίλους

232 1808 424 1860 ἐξέπεσον
451 1812 490 1852 ἐς
515 1813 590 1862 γῆν
616 1810 744 1861 τήνδε·
782 1815 874 1854 ναῦς
899 1814 942 1852 δὲ
966 1814 1062 1863 πρὸς
1087 1811 1231 1863 πέτρας

232 1876 407 1918 πολλοὺς
431 1877 617 1928 ἀριθμοὺς
642 1877 806 1929 ἄγνυται
832 1878 1042 1930 ναυαγίων.
1397 1889 1462 1921 410

232 1943 367 1993 τρόπις
393 1942 425 1982 δ’
451 1944 618 1995 ἐλείφθη
644 1946 835 1985 ποικίλων
856 1943 1134 1997 ἁρμοσμάτων,

232 2008 296 2059 ἐφ’
322 2008 366 2058 ἧς
393 2009 548 2059 ἐσώθην
572 2011 687 2061 μόλις
713 2012 939 2065 ἀνελπίστῳ
964 2011 1064 2067 τύχῃ

231 2069 377 2125 Ἑλένη
404 2093 458 2122 τε,
484 2077 628 2128 Τροίας
654 2076 702 2127 ἣν
728 2077 970 2118 ἀποσπάσας
995 2077 1088 2130 ἔχω.

175 2166 281 2205 388·9
305 2169 452 2207 suspecti
608 2179 672 2209 392
695 2171 836 2209 μενέλεω
863 2169 888 2199 L
904 2169 948 2201 P:
981 2179 1068 2200 corr.
1089 2168 1103 2198 l
1254 2176 1318 2205 402
1343 2166 1393 2198 καὶ
1419 2167 1461 2198 εἷς

134 2208 160 2238 L
175 2209 202 2238 Ρ
348 2222 411 2249 404
435 2212 554 2250 Λιβύης
579 2212 605 2244 δ’
630 2213 806 2243 Hermann
954 2213 1018 2250 406
1042 2213 1091 2243 καὶ
1117 2210 1224 2243 οὔποτ’
1252 2210 1299 2240 L:
1331 2209 1460 2241 noz't'ro‘r’

134 2251 176 2280 L2
192 2251 218 2281 P
350 2256 412 2292 408
439 2257 606 2288 ἀπώλεσας
633 2256 658 2285 Ρ
794 2265 853 2294 411
883 2255 1008 2295 ἐλήφθη
1035 2255 1060 2285 L
1076 2255 1123 2285 P:
1155 2264 1239 2286 corr.
1266 2253 1460 2292 Stephanus

133 2295 257 2368 μῖξις
281 2307 398 2337 apogr.
424 2299 509 2329 Ποῖ.
535 2298 646 2338 (Laur.
673 2298 766 2337 xxxi,
797 2299 853 2339 1):
886 2298 931 2330 οἷς
957 2298 1034 2335 LP,
1060 2298 1121 2329 sed
1147 2298 1180 2328 in
1204 2307 1322 2329 rasura
1345 2306 1407 2327 scr.
1435 2295 1461 2326 L

133 2348 174 2367 VC
237 2351 245 2354 ·
