1622 2740
568 133 908 172 ΕὙΡΙΠΙΔΟΎ

83 245 158 282 Με.
180 241 220 281 τί
241 240 273 281 δ’
300 240 430 286 ἕστιν;
468 239 513 279 οὔ
537 255 610 279 που
635 237 857 289 βαρβάρων
883 235 1055 276 συλᾶσθ’
1080 237 1174 281 {jn-05
1334 238 1401 270 600

80 312 153 360 Αγ.
181 306 292 358 θαῦμ’
317 305 413 352 ἔστ’,
441 305 620 346 ἔλασσον
646 304 800 355 τοῦνομ’
825 300 849 354 ἢ
873 302 917 343 τὸ
943 301 1088 354 πρᾶγμ’
1114 303 1221 356 ἔχον.

80 377 156 414 Με.
177 373 279 426 λέγ’·
317 373 367 416 ὡς
392 372 525 425 φέρεις
549 389 586 412 τι
611 374 702 429 τῇδε
727 377 775 428 τῇ
801 373 954 427 σπουδῇ
977 369 1079 410 νέον.

79 444 153 493 Αγ.
179 439 284 493 λέγω
310 441 455 481 πόνους
482 456 529 480 σε
555 440 714 490 μυρίους
739 440 881 487 τλῆναι
904 436 1044 488 μάτην.

81 510 157 547 Με.
179 508 328 547 παλαιὰ
354 509 507 558 θρηνεῖς
532 504 689 556 πήματ’·
728 503 942 557 ἀγγέλλεις
968 505 1008 543 δὲ
1038 504 1093 549 τί;

80 577 152 626 Αγ.
172 573 351 625 βέβηκεν
377 573 525 626 ἄλοχος
551 571 602 621 σὴ
629 571 725 623 πρὸς
751 570 906 622 αἰθέρος
931 571 1084 622 πτυχὰς
1337 570 1400 610 605

179 639 329 691 ἀρθεῖσ’
355 639 545 692 ἄφαντος·
583 638 731 692 οὐρανῷ
758 640 799 677 δὲ
825 637 1031 688 κρύπτεται

177 709 351 746 λιποῦσα
377 704 523 756 σεμνὸν
547 704 689 755 ἄντρον
715 704 758 743 οὗ
784 703 856 755 σφ’
884 701 1096 757 ἐσῴζομεν,

178 772 344 812 τοσόνδε
368 770 523 821 λέξασ’·
554 770 612 809 Ἷὶ
638 770 881 820 ταλαίπωροι
907 769 1062 820 Φρύγες

178 838 320 880 πάντες
344 837 378 877 τ’
403 837 572 889 Ἀχαιοί,
600 836 647 875 δι’
674 835 731 886 ἔμ’
759 835 821 875 ἐπὶ
848 836 1129 886 Σκαμανδρίοις

179 907 361 945 ἀκταῖσιν
378 903 510 955 ”Ηρας
535 906 730 955 μηχαναῖς
756 899 976 958 ἐθνῄσκετε,
1341 902 1405 934 610

178 974 381 1013 δοκοῦντες
404 969 575 1020 Ἑλένην
602 969 668 1009 οὐκ
696 968 828 1021 ἔχοντ’
854 968 962 1020 ἔχειν
989 966 1131 1019 Πάριν.

179 1039 256 1090 ἐγὼ
282 1037 328 1084 δ’,
357 1036 489 1087 ἐπειδὴ
514 1036 660 1089 χρόνον
686 1034 805 1086 ἔμειν’
832 1036 930 1075 ὅσον
954 1051 1002 1084 με
1027 1036 1141 1087 χρῆν,

179 1104 222 1144 τὸ
246 1105 440 1156 μόρσιμον
466 1101 649 1158 σῴσασα,
679 1100 814 1153 πατέρ’
841 1102 880 1142 ἐς
905 1100 1070 1152 οὐρανὸν

178 1170 325 1221 ἄπειμι·
363 1169 496 1223 φήμας
521 1168 553 1209 δ’
578 1169 600 1219 ἡ
627 1168 795 1208 τάλαινα
818 1167 1011 1219 Τυνδαρὶς

180 1237 313 1279 ἄλλως
339 1239 456 1278 κακὰς
480 1235 650 1287 ἤκουσεν
676 1235 789 1276 οὐδὲν
814 1235 931 1275 αἰτία.
1341 1233 1404 1275 615

246 1302 275 1344 ὦ
299 1307 426 1357 χαῖρε,
453 1301 585 1353 Λήδας
611 1302 789 1354 θύγατερ,
818 1300 946 1341 ἐνθάδ’
973 1298 1062 1351 ἧσθ’
1087 1298 1179 1352 ἄρα,·

181 1371 258 1423 ἐγὼ
284 1369 327 1411 δέ
351 1369 389 1409 σ’
416 1369 571 1420 ἄστρων
597 1369 648 1411 ὡς
672 1371 895 1419 βεβηκυῖαν
920 1367 1069 1420 μυχοὺς

179 1437 382 1490 ἤγγελλον
407 1437 517 1478 εἰδὼς
543 1436 654 1476 οὐδὲν
681 1435 731 1477 ὡς
756 1434 976 1486 ὑπόπτερον

181 1502 299 1555 δέμας
326 1504 501 1555 φοροίης.
577 1501 644 1542 οὐκ
673 1502 722 1541 ἐῶ
749 1518 796 1542 σε
823 1504 1024 1552 κερτομεῖν

180 1570 280 1621 ἡμᾶς
303 1569 382 1610 τόδ’
409 1570 529 1615 αὖθις,
557 1568 607 1610 ὡς
631 1568 726 1618 ἄδην
752 1569 794 1608 ἐν
819 1566 925 1622 Ἰλίῳ
1342 1566 1408 1598 620

182 1637 324 1678 πόνους
349 1639 534 1689 παρεῖχες
559 1638 616 1689 σῷ
642 1635 759 1675 πόσει
787 1634 848 1674 καὶ
874 1632 1108 1686 συμμάχοις.

84 1707 161 1743 Με.
182 1703 284 1743 τοῦτ’
311 1702 394 1743 ἔστ’
419 1704 558 1743 ἐκεῖνο·
596 1701 851 1752 ξυμβεβᾶσιν
877 1702 912 1741 οἱ
937 1701 1052 1752 λόγοι

183 1771 218 1810 οἱ
243 1769 352 1820 τῆσδ’
378 1770 552 1819 ἀληθεῖς.
622 1765 651 1807 ὦ
677 1767 856 1810 ποθεινὸς
882 1765 1019 1818 ἡμέρα,

182 1835 207 1886 ἥ
232 1835 270 1874 ‹r’
297 1837 350 1877 εἰς
376 1837 471 1886 ἐμὰς
497 1835 639 1876 ἔδωκεν
664 1833 816 1876 ὠλένας
839 1837 998 1884 λαβεῖν.

85 1956 158 1993 Ελ.
186 1950 214 1992 ὦ
241 1952 399 2005 φίλτατ’
425 1954 576 2004 ἀνδρῶν
602 1951 830 1998 Μενέλεως,
859 1951 878 1989 ὁ
903 1952 973 2001 μὲν
999 1948 1142 2002 χρόνος
1345 1949 1410 1991 625

184 2020 365 2065 παλαιός,
392 2019 414 2069 ἡ
441 2021 483 2060 δὲ
507 2018 647 2072 τέρψις
676 2019 816 2071 ἀρτίως
842 2016 958 2068 πάρα.

386 2085 537 2137 ἔλαβον
563 2084 717 2136 ἀσμένα
742 2085 864 2125 πόσιν
889 2083 996 2134 ἐμόν,
1024 2082 1153 2133 φίλαι,

129 2180 193 2209 600
218 2181 315 2210 οὔτι-ου
334 2178 359 2208 L
372 2177 397 2208 P
412 2189 418 2207 ι
443 2178 462 2216 ἧ
480 2192 537 2210 που
555 2179 568 2209 l
695 2178 755 2208 601
784 2175 872 2216 θαῦμ’
890 2176 957 2207 ἔστ’
979 2173 1150 2212 Scaliger:
1177 2171 1277 2212 θαυμά
1291 2173 1345 2204 ’στ
1363 2171 1389 2202 L
1404 2183 1412 2202 ι

87 2221 239 2260 θαυμάστ’
259 2222 285 2251 P
375 2222 453 2262 ἔχον
465 2227 489 2262 p
505 2234 511 2252 :
537 2222 621 2262 ἔχων
636 2221 661 2250 L
677 2220 703 2250 P
791 2220 943 2257 602-605
969 2216 1170 2257 paragraphi
1181 2215 1284 2255 praef.
1299 2215 1331 2245 in
1345 2215 1371 2245 L
1386 2215 1412 2245 P

86 2266 149 2295 602
168 2265 263 2306 φέρης
284 2265 308 2294 Ρ
397 2267 460 2304 605
486 2265 612 2305 πτύχας
631 2264 656 2294 L
669 2263 695 2293 P
791 2264 854 2301 607
880 2261 1006 2293 λιποῦσ’
1025 2261 1154 2301 ἐρεμνὸν
1172 2258 1412 2290 Schneidewin

87 2310 148 2338 612
181 2310 212 2347 μ’
243 2310 342 2348 ἐχρῆν
370 2308 395 2337 L
411 2308 436 2338 P
582 2309 644 2345 617
679 2306 855 2344 βεβηκυίης
887 2306 899 2335 l
928 2310 961 2335 ut
995 2304 1128 2334 videtur
1279 2303 1339 2332 621
1367 2305 1412 2341 σῷ

89 2352 235 2382 Milton:
262 2351 285 2391 ᾧ
310 2352 334 2380 L
351 2351 375 2381 P
507 2353 572 2390 623
595 2353 663 2382 τοῖς
690 2349 783 2388 τῆσδ’
811 2350 935 2387 ἀληθῶς
955 2346 1169 2378 Herwerden
1260 2346 1322 2383 624
1346 2344 1365 2382 ἥ
1384 2346 1413 2376 α’

89 2395 217 2425 canter
233 2405 238 2425 :
265 2396 304 2425 ὡς
324 2394 350 2424 L
366 2394 390 2423 P
