1658 2740
674 117 1020 155 ΕΥΡΙΠΙΔΟΥ

182 224 254 271 Ορ.
283 221 317 261 εἰ
342 219 495 271 λέγοιμ’
521 221 708 262 ἀστοῖσιν
735 221 863 261 ἐλθὼν
891 252 898 260 .

832 291 907 329 Πυ.
947 288 998 330 ὡς
1024 287 1194 339 ἔδρασας
1220 289 1371 337 ἕνδικα,·
1443 304 1506 335 775

181 356 253 404 Ορ.
283 354 400 405 πατρὶ
426 358 604 407 τιμωρῶν
629 355 815 405 ἐμαυτοῦ,·

814 425 887 462 Πυ.
928 420 979 472 μὴ
1006 421 1174 473 λάβωσί
1198 422 1235 461 σ’
1260 423 1438 474 ἄσμενοι.

181 491 255 538 Ορ.
284 486 374 527 ἀλλ’
399 487 628 539 ὑποπτήξας
654 494 785 546 σιωπῇ
813 488 1011 536 κατθάνω;

1008 559 1083 597 Πυ.
1122 556 1256 597 δειλὸν
1280 558 1382 597 τόδε.

179 623 252 671 Ορ.
282 624 362 662 πῶς
387 620 436 661 ἂν
462 621 528 661 οὖν
555 620 695 676 δρῴην,·

698 691 770 728 Πυ.
811 690 916 742 ἔχεις
942 689 1028 739 τιν’,
1054 687 1102 740 ἦν
1126 689 1259 746 μένῃς,
1288 692 1504 743 σωτηρίαν,·

180 758 253 805 Ορ.
281 754 349 794 οὐκ
375 755 468 806 ἔχω.

470 824 544 860 Hc.
582 822 746 870 μολόντι
773 822 805 861 δ’
831 823 944 864 ἐλπίς
971 824 1057 863 ἐστι
1084 825 1260 875 σωθῆναι
1288 829 1434 871 κακῶν;

179 890 251 939 Ορ.
279 889 312 928 εἰ
336 888 462 940 τύχοι,
491 886 635 939 γένοιτ’
662 887 721 928 ἄν.

541 957 615 994 Πυ.
656 955 796 996 οὐκοῦν
820 960 933 996 τοῦτο
961 960 1148 1008 κρεῖσσον
1173 954 1196 1008 ἦ
1224 957 1369 1008 μένειν.
1441 965 1506 1002 78³

177 1024 250 1073 Ορ.
290 1022 397 1062 ἀλλὰ
423 1020 502 1071 δῆτ’
528 1021 646 1062 ἔλθω.

643 1091 719 1129 Πυ.
759 1090 887 1130 θανὼν
914 1093 1007 1141 γοῦν
1030 1091 1105 1131 ὧδε
1133 1090 1296 1132 κάλλιον
1321 1094 1432 1148 θανῇ.

178 1157 250 1207 Ορ.
280 1155 321 1195 εἳ)
345 1154 491 1206 λέγεις·
531 1156 666 1207 φεύγω
693 1159 736 1196 τὸ
763 1156 898 1196 δειλὸν
922 1160 1027 1213 τῇδε.

883 1226 956 1263 Πυ.
994 1226 1151 1275 μᾶλλον
1178 1221 1200 1275 ἦ
1226 1224 1369 1276 μένων.
1440 1231 1502 1269 785

176 1292 250 1341 Ορ.
280 1290 342 1329 καὶ
367 1289 412 1329 τὸ
437 1288 598 1341 πρᾶγμά
623 1289 660 1341 γ’
686 1290 839 1330 ἔνδικόν
864 1306 942 1340 μοι.

722 1359 797 1396 Πυ.
837 1360 889 1411 τῷ
918 1360 1062 1397 Δοκεῖν
1089 1358 1207 1411 εὔχου
1231 1358 1367 1408 μόνον.
1440 1364 1501 1404 782

175 1425 247 1473 Ορ.
277 1423 343 1463 καί
365 1439 422 1464 τις
448 1422 495 1462 ἄν
521 1422 567 1474 γέ
591 1423 630 1473 μ’
656 1424 842 1464 οἰκτίσειε
869 1454 876 1463 .
905 1454 913 1464 .
942 1454 949 1463 .
979 1455 987 1464 .

823 1493 897 1530 Πυ.
935 1489 1038 1542 μέγα
1063 1491 1136 1543 γὰρ
1162 1491 1184 1542 ἡ
1212 1490 1389 1543 εὐγένειά
1414 1509 1500 1532 σου.

173 1559 246 1608 Ορ.
275 1555 447 1597 θάνατον
474 1555 696 1610 ἀσχάλλων
722 1560 916 1612 πατρῷον.

710 1627 787 1664 Πυ.
828 1623 956 1664 πάντα
981 1623 1085 1664 ταῦτ’
1112 1625 1153 1665 ἐν
1180 1626 1366 1676 ὄμμασιν.
1439 1631 1500 1671 785

171 1692 243 1741 Ορ.
272 1689 390 1736 ἰτέον,
421 1690 471 1731 ὡς
496 1690 691 1743 ἄνανδρον
717 1691 867 1732 ἀκλεῶς
895 1693 1114 1732 κατθανεῖν.

1124 1760 1198 1798 Πυ.
1239 1759 1334 1799 αἰνῶ
1359 1757 1465 1800 τάδε.

169 1825 242 1874 Ορ.
271 1821 294 1873 ἧ
319 1823 502 1875 λέγωμεν
530 1825 597 1865 οὖν
624 1825 781 1881 ἀδελφῇ
805 1823 913 1864 ταῦτ’
941 1825 1032 1882 ἐμῇ,·

1040 1894 1112 1932 Πυ.
1149 1891 1202 1942 μὴ
1229 1891 1326 1943 πρὸς
1353 1894 1465 1933 θεῶν.

213 1993 273 2021 775
311 1985 350 2016 ὡς
377 1984 510 2024 ἔπραξας
538 1985 607 2014 VL
747 1986 808 2023 776
844 1986 980 2025 τιμωρὸν
1005 1985 1158 2023 primitus
1181 1985 1212 2014 V
1300 1987 1445 2025 τιμωρῶν
1468 1986 1502 2024 γ’

169 2027 352 2057 Kirchhofs
364 2027 436 2058 sine
457 2028 735 2066 interrogationis
755 2033 834 2058 nota
962 2038 1021 2067 777
1048 2029 1150 2059 δεινὸν
1167 2027 1239 2059 τόδε
1256 2027 1326 2059 ΑΒ
1418 2027 1502 2067 778-

168 2072 229 2107 786
258 2070 406 2101 Orestae
424 2076 522 2101 notas
539 2081 603 2102 om.
624 2071 650 2101 L
788 2072 850 2110 778
875 2071 929 2103 οὖν
947 2073 984 2103 ἂν
1001 2071 1031 2100 Α
1044 2071 1070 2100 L
1191 2070 1304 2114 μένῃς]
1323 2070 1428 2111 μένεις
1448 2069 1480 2100 Μ
1495 2082 1501 2101 ³

168 2124 250 2145 corr.
281 2114 351 2144 M2:
383 2115 491 2156 μείνῃς
518 2115 544 2144 L
728 2124 790 2154 779
819 2114 966 2153 μολόντα
991 2125 1075 2145 rece.
1199 2117 1290 2147 ἐστιν
1314 2116 1448 2152 ἐκβῆναι
1471 2113 1501 2143 V

168 2158 225 2195 781
254 2158 346 2200 θανῇ]
367 2160 472 2189 θανεῖν
491 2159 517 2189 L
620 2159 692 2196 782.
711 2159 773 2198 783
799 2159 872 2190 trai.
892 2158 1014 2189 Morell
1104 2159 1166 2196 782
1191 2158 1322 2199 πρᾶγμά
1337 2158 1370 2198 γ’
1388 2167 1474 2188 rece.
1494 2168 1501 2187 t

167 2201 285 2241 πρᾶγμ’
304 2201 400 2232 codd.
416 2212 421 2231 :
459 2205 578 2243 πρᾶγος
596 2202 689 2232 Weil
810 2206 854 2243 τῷ
877 2204 994 2234 Δοκεῖν
1015 2201 1154 2240 scripsi:
1190 2202 1230 2233 cs.
1251 2206 1274 2235 Σ
1292 2202 1349 2241 qui
1367 2202 1446 2232 citat
1462 2201 1500 2233 τὸ

167 2247 281 2275 Δοκεῖν
298 2246 349 2277 καὶ
366 2246 427 2277 τὰν
442 2246 612 2278 Ἀλάθειαν
630 2248 758 2282 βιᾶταιῑ
789 2249 834 2286 τῷ
848 2247 954 2277 δοκεῖν
967 2245 993 2275 L
1009 2256 1016 2275 τ
1040 2246 1078 2277 τὸ
1096 2248 1200 2277 δοκεῖν
1217 2245 1290 2276 rell.
1304 2249 1337 2276 et
1354 2249 1378 2278 Σ
1393 2256 1400 2275 t
1424 2244 1499 2276 τόδε

167 2289 269 2318 δοκεῖν
289 2288 411 2327 Paley:
442 2303 486 2330 τῳ
501 2290 525 2328 (‘
539 2289 671 2319 cuidam
684 2289 707 2326 Ὗ
724 2291 830 2320 δοκεῖν
841 2287 993 2319 Verrall:
1020 2298 1051 2320 v.
1066 2288 1129 2319 del.
1146 2288 1262 2319 Nauck
1363 2288 1425 2327 783
1449 2288 1500 2319 καὶ

165 2333 293 2368 μᾶλλον
306 2331 337 2361 Α
350 2333 376 2362 Ρ
470 2334 531 2371 784
553 2331 586 2373 γ’
599 2333 646 2372 ἔμ’
658 2332 689 2362 Α
780 2333 818 2364 ἄν
828 2333 861 2370 μ’
875 2332 1068 2364 ἐποικτίσειε
1084 2332 1261 2362 Hermann
1351 2331 1500 2372 ἦύγένεια

168 2373 214 2403 ΒΖ
239 2375 258 2413 ἦ
276 2375 423 2415 εὐγένεια
438 2375 510 2407 rell.
603 2376 694 2408 σοιν
785 2377 846 2414 785
865 2375 1020 2415 ἀσχόλων
1031 2375 1147 2406 codd.:
1173 2374 1280 2405 corr.l
1365 2374 1452 2406 ταῦθ’
1465 2374 1497 2404 Μ

168 2418 230 2457 786
257 2421 426 2450 κατθανεῖν
446 2419 470 2449 L
487 2430 492 2448 :
519 2420 556 2450 τὸ
574 2422 743 2450 κατθανεῖν
761 2419 829 2450 rell.
924 2424 979 2450 Πυ.
999 2428 1063 2448 om.
1089 2418 1113 2448 L
1221 2420 1281 2457 787
1307 2417 1448 2459 λέγομεν
1465 2417 1497 2448 M

1629 2468 1653 2591 *QVE-{uf
1636 2419 1646 2446 ’-
