1622 2740
733 119 946 156 EAENH

443 224 694 275 διδυμογενὲς
719 222 881 275 ἄγαλμα
907 224 1092 275 πατρίδος

441 289 592 340 ἀφανὲς
617 290 769 342 ἀφανὲς
795 291 1016 341 ἱππόκροτα
1039 288 1104 330 λε’-

440 359 557 396 λοιπε
583 355 731 396 δάπεδα
756 355 956 408 γυμνάσιά
981 373 1022 396 τε

509 422 762 464 δονακόεντος
790 423 922 474 Εὐρώ-
1441 439 1502 460 210

505 505 565 534 τα,
593 492 753 529 νεανιᾶν
779 490 912 529 πόνον.

173 589 244 627 Xo.
562 589 648 628 αἰαῖ
670 589 763 628 αἰαῖ·
1400 586 1498 640 [ἀντ.

505 652 534 693 ὦ
561 655 744 705 δαίμονος
769 655 1020 696 πολυστόνου

507 721 646 772 μοίρας
671 738 712 761 τε
740 724 826 768 σᾶς,
855 721 982 774 γύναι.

571 787 667 828 αἰὼν
693 789 867 828 δυσαίων

370 869 428 894 τις
454 852 600 906 ἔλαχεν
626 853 787 907 ἔλαχεν,
815 855 879 895 ὅτε
907 854 945 893 σ’
972 853 1127 895 ἐτέκετο
1152 856 1347 906 ματρόθεν

503 921 723 973 χιονόχρως
751 920 889 962 κύκνου
915 925 1041 975 πτερῷ
1435 937 1496 966 2¹5

504 987 601 1028 Ζεὺς
625 986 784 1038 πρέπων
809 987 858 1027 δι’
884 987 1049 1039 αἰθέρος·

502 1054 543 1092 τί
564 1054 636 1105 γὰρ
661 1052 810 1094 ἄπεστί
832 1070 898 1094 σοι
925 1058 1070 1100 κακῶν;

501 1120 588 1159 τίνα
614 1121 654 1159 δὲ
680 1120 822 1170 βίοτον
848 1121 915 1161 οὐκ
941 1119 1076 1167 ἔτλας;

499 1184 627 1237 μάτηρ
651 1187 723 1236 μὲν
748 1187 912 1239 οἴχεται,

499 1251 638 1303 δίδυμά
663 1269 704 1293 τε
732 1252 828 1294 Διὸς
854 1253 921 1294 οὐκ
947 1253 1008 1294 εὐ-
1433 1268 1495 1290 220

499 1321 678 1369 δαιμονεῖ
699 1318 814 1360 τέκεα
840 1320 953 1371 φίλα,

498 1386 624 1438 χθόνα
650 1387 690 1426 δὲ
716 1384 881 1438 πάτριον
905 1385 979 1439 οὐχ
1005 1386 1108 1440 ὁρᾷς,

498 1453 560 1492 διὰ
586 1454 628 1493 δὲ
655 1453 803 1494 πόλεας
829 1452 988 1505 ἔρχεται

431 1518 562 1569 βάξις,
590 1518 614 1558 ἅ
640 1536 687 1559 σε
712 1518 976 1571 βαρβάροισι,

430 1586 583 1631 πότνια,
612 1587 857 1637 παραδίδωσι
881 1585 1061 1638 λέχεσιν,
1429 1601 1490 1631 225

432 1652 452 1691 ὁ
477 1654 518 1692 δὲ
546 1652 616 1694 σὸς
643 1654 684 1693 ἐν
709 1653 776 1692 ἁλὶ
803 1652 953 1703 κύμασί
975 1669 1017 1692 τε
1040 1651 1107 1692 λε’-

426 1723 544 1760 λοιπε
568 1720 722 1770 βίοτον,
750 1718 840 1759 οὐδέ
865 1718 950 1759 ποτ’
976 1718 1033 1758 ἔτι

493 1784 639 1838 πάτρια
662 1785 842 1838 μέλαθρα
869 1786 930 1826 καὶ
955 1786 1026 1825 τὰν

494 1853 737 1893 Χαλκίοικον
762 1853 929 1903 ὀλβιεῖς.

161 1951 235 1989 Ελ.
493 1955 568 2004 φεῦ
594 1955 682 2004 φεῦ,
709 1953 766 1994 τίς
792 1948 814 2001 ἦ
841 1954 1007 2003 Φρυγῶν

428 2014 443 2030 ἢ
502 2018 512 2031 Ι
554 2017 563 2032 C
717 2019 727 2032 l
806 2018 815 2032 ἳ
860 2017 870 2031 N
1006 2016 1016 2030 ἢ

424 2035 447 2067 η
473 2035 530 2060 τις
570 2021 772 2060 Ελλανιας
798 2035 875 2058 απο
899 2020 1042 2070 χθονος
1423 2032 1486 2062 230

201 2119 263 2147 207
288 2108 468 2151 ἱππόκρατα
486 2110 512 2140 Ρ
623 2120 687 2139 21ο
711 2109 836 2141 νεανίαν
862 2109 887 2138 L
900 2108 926 2138 P
1038 2118 1098 2138 211
1126 2110 1157 2140 αἲ
1173 2109 1204 2139 αἲ
1220 2110 1252 2140 αἲ
1268 2111 1298 2140 αἲ
1314 2109 1336 2140 ὦ
1354 2109 1384 2138 l:
1409 2111 1441 2141 αἲ
1456 2111 1488 2141 αἲ

162 2152 186 2182 L
201 2152 226 2181 P
359 2162 423 2190 214
447 2153 514 2193 τις]
532 2152 580 2184 τίς
600 2153 630 2183 σ’
646 2153 672 2183 Ρ
689 2157 722 2182 et
740 2156 774 2182 ut
785 2152 916 2182 videtur
932 2151 1087 2191 primitus
1107 2151 1132 2181 L
1267 2161 1338 2190 215⁷
1360 2154 1422 2182 216
1439 2152 1487 2182 in-

159 2205 259 2226 verso
276 2195 398 2225 ordine
416 2195 559 2226 collocat
572 2195 593 2234 l,
610 2200 643 2226 et
661 2196 738 2226 inde
757 2196 906 2226 editores
996 2196 1058 2225 218
1077 2196 1110 2227 τί
1127 2197 1153 2227 δ’
1168 2195 1226 2226 ἀνὰ
1243 2195 1355 2232 βίοτον
1370 2195 1486 2226 Bruhn

158 2239 269 2276 βίοτον
287 2238 327 2268 L'·'
341 2239 367 2270 P
385 2238 433 2277 (et
450 2239 502 2279 l):
526 2239 599 2276 βίον
617 2239 643 2268 L
712 2239 810 2277 ἔτλης
829 2239 854 2269 L
867 2239 910 2269 P:
935 2249 1021 2269 corr.
1040 2239 1053 2268 l
1137 2249 1197 2268 221
1219 2238 1314 2270 τέκεα
1333 2239 1362 2268 l:
1388 2238 1486 2270 τέκνα

159 2282 185 2312 L
200 2282 226 2312 P
331 2292 394 2321 223
419 2282 539 2315 πόλεας
558 2282 597 2312 L²
610 2282 653 2313 P:
678 2282 791 2314 πόλιας
810 2282 836 2312 L
940 2291 1002 2320 225
1027 2281 1144 2321 λέχεσι
1162 2282 1277 2314 πότνια
1295 2283 1485 2323 παραδίδωσι

160 2325 185 2354 L
199 2326 224 2355 P
240 2337 247 2355 ε
272 2327 342 2357 trai.
358 2326 485 2361 Nauck,
500 2326 539 2356 cl.
552 2327 615 2356 206
699 2327 763 2356 226
788 2325 837 2366 ἐν]
856 2328 870 2357 ἐ
888 2325 1041 2365 primitus
1061 2325 1087 2355 Ρ
1171 2327 1233 2355 228
1258 2326 1380 2363 ὀλβιοῖς
1399 2326 1425 2355 L
1439 2326 1484 2355 P:

159 2378 244 2401 corr.
266 2369 303 2399 Pl
416 2380 479 2408 229
504 2379 670 2408 personae
689 2374 801 2400 notam
818 2380 880 2400 om.
902 2369 926 2399 L
1017 2370 1036 2407 ἢ
1056 2369 1219 2399 ΒΣηάοι-ἶῑ
1244 2368 1283 2407 ἦν
1301 2369 1325 2398 L
1338 2369 1363 2399 P
