1658 2740
675 139 898 177 13.-xKXAl

126 238 181 268 τὸν
198 236 315 278 τρόπον
334 237 500 274 κεκίνηκεν
519 237 683 278 Εὐριπίδης
701 237 807 268 οἶκτον
826 237 874 267 ἐπὶ
895 240 940 276 τῷ
967 239 1082 268 Πενθεῖ
1097 238 1224 274 κινῆσαι
1244 237 1449 275 βουλόμενος.

126 280 264 312 ἕκαστον
279 281 341 321 ’γὰρ
359 282 455 312 αὐτοῦ
465 283 528 312 τῶν
544 283 650 320 μελῶν
664 280 683 317 ἦ
693 280 800 319 μήτηρ
813 281 845 310 ἐν
858 282 927 311 ταῖς
942 281 1036 319 χερσὶ
1050 282 1211 321 κρατοῦσα
1229 280 1296 311 καθ’
1316 280 1453 311 ἕκαστον

126 325 230 355 αὐτῶν
253 322 436 363 οἰκτίζεται.
487 323 688 362 Fragmenta
707 332 749 352 ex
767 322 912 353 Bacchis
938 323 1037 352 citata
1055 332 1141 361 quae
1161 323 1224 353 hoc
1244 324 1317 354 loco
1337 324 1451 353 sedem

126 366 250 397 habere
269 367 417 406 potuisse
435 367 593 397 videntur
610 366 693 396 hacc
713 371 790 396 sunt

176 420 199 440 1.
422 411 450 442 εἰ
464 411 508 448 μὴ
524 412 587 450 ’γὰρ
604 411 684 441 ἴδιον
702 409 823 446 ἔλαβον
841 411 872 440 ἐς
891 408 989 450 χέρας
1003 409 1102 448 μύσος

128 453 178 484 Ex
198 453 275 484 Eur.
298 453 440 484 Bacchis
460 454 539 483 citat
559 452 673 483 Sclioi.
693 451 752 482 Ar.
779 451 866 483 Plut.
884 462 958 491 907.

170 506 199 526 2.
226 496 482 527 Antiatticista
474 507 508 526 in
527 496 633 526 Bekk.
654 494 787 526 Anecd.
800 506 830 534 p.
849 497 889 534 87
910 497 1059 536 γαυριᾶν·
1077 496 1127 527 καὶ
1146 497 1244 527 τοῦτο
1260 494 1451 536 μέμφονται.

127 539 333 579 Δημοσθένης
350 541 419 581 περὶ
436 542 494 571 τοῦ
511 539 687 579 Στεφάνου.
736 539 902 580 Ευριπιδης
929 538 1069 579 Βάκχαις
1087 550 1092 569 ;
1121 538 1158 570 cs.
1181 544 1291 569 tamen
1309 550 1337 570 ν.
1360 549 1451 578 1144,

131 593 220 621 1241.

169 637 198 665 3.
230 626 276 657 Id.
296 626 337 658 ib.
357 637 387 666 p.
410 636 470 666 105
487 625 685 666 λελάβημαι·
705 626 775 658 ἀντὶ
793 628 851 657 τοῦ
871 628 1042 665 εἴλημμαι.
1058 649 1065 656 .
1083 649 1089 656 .
1109 626 1276 667 Εὐριπίδης
1293 625 1451 667 Βάκχαιςι

128 670 169 701 cs.
188 680 217 701 v.
240 679 331 700 1102.

170 713 221 744 Cf.
247 713 383 743 Lucian.
407 712 568 743 Piscator.
590 722 609 742 2
629 712 768 754 καθάπερ
785 713 856 744 τινὰ
874 712 996 744 Πενθέα
1011 713 1030 750 ἢ
1048 713 1168 753 Ὀρφέα

461 757 618 788 λακιστὸν
636 758 670 788 ἐν
686 755 854 798 πέτραισιν
872 756 1013 796 εὑρέσθαι
1030 756 1137 796 μόρον.

127 809 156 830 v.
176 799 241 830 huc
259 799 387 829 rettulit
407 799 599 838 Musgrave,
622 809 741 839 parum
760 799 986 838 probabiliter.

172 842 352 873 Praeterea
371 843 503 881 integro
523 843 638 874 codice
658 842 867 873 Baccharum
885 843 1043 873 videntur
1055 842 1105 873 usi
1119 852 1196 873 esse
1213 847 1247 873 et
1265 844 1452 882 argumenti

127 886 222 925 primi
247 886 401 925 scriptor,
429 886 469 917 cf.
491 896 543 916 vv.
568 887 681 924 16-18,
711 891 746 916 et
770 886 860 925 quod
886 886 1021 916 maioris
1046 887 1206 917 momenti
1231 892 1283 917 est
1309 886 1454 917 Pseudo-

127 929 323 968 Gregorius,
353 928 476 960 Christi
498 928 658 960 Patientis
686 930 854 979 scriptor:
893 930 987 960 cuius
1019 940 1070 961 vv.
1106 939 1188 967 1312
1223 939 1272 968 sq.
1309 929 1452 967 Porsen,

132 974 231 1011 1466·
239 974 320 1011 1468
339 972 482 1012 Burges,
504 973 588 1003 alios
612 973 667 1003 alii
694 978 727 1002 et
752 973 784 1002 in
810 973 926 1022 pritnis
952 973 1135 1003 Kirchhoff
1153 983 1196 1003 ex
1220 973 1283 1003 hoc
1309 973 1381 1003 loco
1406 984 1454 1003 re-

128 1016 338 1055 petiverunt:
366 1016 406 1046 es.
434 1016 616 1046 Kirchhoff
640 1016 673 1046 in
700 1015 821 1046 Philol.
848 1016 915 1047 viii.
944 1027 998 1056 pp.
1016 1017 1057 1056 78
1074 1026 1160 1065 sqq,
1180 1015 1338 1055 Hartung
1342 1016 1451 1055 ,-Eu›.

127 1059 240 1091 Resm.
256 1060 287 1090 ii.
303 1060 376 1098 556,
397 1059 525 1096 Bruhn,
542 1069 599 1098 pp.
620 1069 677 1097 127
691 1069 759 1098 sq:
778 1058 882 1089 habes
900 1060 985 1089 infra
1002 1070 1052 1090 v.v
1069 1060 1125 1099 qui
1143 1060 1270 1090 maiore
1288 1070 1360 1089 cum
1379 1070 1452 1099 p1··0

125 1102 297 1133 habilitate
315 1103 394 1133 hinc
417 1103 557 1134 fluxisse
574 1102 680 1134 xideri
707 1107 872 1142 possunt:
898 1103 993 1134 uncis
1018 1103 1136 1134 inclusi
1161 1112 1246 1142 quae
1271 1108 1361 1133 certe
1386 1114 1452 1133 non

127 1146 310 1186 Euripidea
326 1151 415 1177 sunt.

128 1218 179 1249 Ex
194 1217 334 1257 Agavae
352 1217 508 1249 oratione
522 1230 528 1249 z

127 1273 205 1304 Chr.
228 1272 300 1305 Pat.
324 1282 401 1311 1311
422 1283 494 1312 sqq.

363 1316 412 1348 τίς
431 1318 521 1348 ἐστιν
537 1314 629 1348 οὗτος
645 1316 682 1347 ὃν
699 1314 791 1348 νέκυν
810 1318 922 1358 χεροῖν
939 1315 1004 1356 ἔχω
1021 1327 1030 1354 ;

366 1363 431 1391 πῶς
448 1359 501 1390 καί
517 1373 566 1391 νιν
584 1359 603 1397 ἡ
621 1359 777 1397 δύστηνος
796 1360 1017 1399 εὐλαβουμένη

365 1403 442 1443 πρὸς
459 1403 578 1444 στέρνα
593 1405 710 1442 θῶμαι;
734 1402 808 1434 τίνα
823 1401 888 1444 (δὲ)
905 1403 1050 1444 θρηνήσω
1066 1401 1186 1444 τρόπον

130 1455 209 1486 1315
365 1446 415 1478 καὶ
433 1448 497 1478 πᾶν
516 1445 734 1486 (κατασπάσαι
747 1446 803 1486 με)
822 1446 879 1478 σὸν
894 1445 1006 1486 μέλος,
1023 1445 1138 1478 τέκνον

127 1506 168 1539 ib.
193 1507 274 1546 1256
296 1516 345 1546 sq.

365 1550 448 1582 ὅπως
467 1547 738 1589 (κατασπάσαιμι)
756 1549 807 1580 καὶ
825 1548 953 1588 σύμπαν
968 1549 1080 1589 μέλος,

366 1595 505 1625 κυνοῦσα
521 1592 638 1633 σάρκας
656 1591 759 1633 ἅσπερ
777 1592 998 1634 ἐξεθρεψάμην.

130 1653 173 1685 ib.
195 1653 277 1692 1466
291 1663 364 1693 sqq.

367 1695 449 1738 φέρ’,
468 1695 491 1726 ὼ
506 1695 626 1736 γεραιέ,
643 1697 746 1737 κρᾶτα
761 1697 819 1727 τοῦ
837 1694 1054 1735 (τρισολβίου)

367 1739 462 1781 ὀρθῶς
476 1738 759 1779 προσαρμόσωμεν,
778 1740 908 1769 εὔτονον
924 1737 957 1769 δὲ
974 1740 1037 1769 πᾶν

369 1782 450 1821 σῶμ’
470 1782 734 1822 ἐξακριβώσωμεν
751 1783 795 1813 εἷς
813 1782 890 1812 ὅσον
905 1780 998 1821 πάρα.

368 1825 391 1857 ὡ
409 1825 572 1865 φίλτατον
588 1824 768 1866 πρόσωπον,
788 1824 810 1854 ὦ
829 1823 885 1855 νέα
899 1823 1005 1864 γένυς,

370 1869 437 1900 ι’δοὺ
453 1867 622 1923 καλυπτρᾳ
637 1869 715 1909 τῇδε
733 1868 794 1905 σην
810 1866 936 1908 κρύπτω
954 1865 1077 1908 (κάραν·
1081 1867 1094 1907 )

369 1912 411 1943 τὰ
427 1913 453 1942 δ’
471 1910 650 1952 αἱμόφυρτα
665 1911 715 1942 καὶ
734 1910 994 1949 κατηλοκισμένα

368 1955 452 1994 μέλη
471 1977 477 1984 .
498 1977 504 1984 .
526 1977 532 1984 .

131 2014 176 2047 ib.
204 2025 286 2046 1122
301 2025 374 2055 sqq.

260 2061 342 2098 (e.g.
368 2058 469 2090 ποίοις
486 2057 520 2090 δὲ
538 2056 675 2090 πέπλοις
693 2056 908 2097 κατακαλύψω
926 2068 976 2088 σοι
992 2056 1090 2096 μέλη;

373 2102 458 2133 τίνες
475 2100 510 2133 δὲ
528 2100 752 2139 κηδεύσουσιν,
771 2101 794 2132 ὦ
812 2099 937 2136 τέκνον,
955 2099 1078 2141 χέρες;)

177 2145 357 2186 Euripides
377 2144 520 2176 fortasse
536 2144 733 2186 τρισαθλίου,
753 2148 786 2174 et
805 2144 862 2176 σὸν
879 2142 1006 2185 κρύπτω
1023 2142 1111 2184 κάρα.
1162 2141 1210 2174 Cf.
1237 2141 1336 2172 etiam
1360 2151 1454 2181 1504,

135 2189 303 2221 182--182
329 2213 336 2220 .

178 2208 255 2264 Hoos
269 2199 327 2264 vv?
338 2236 374 2262 ut
394 2231 529 2262 videtur
551 2230 700 2270 Agavae,
719 2235 900 2270 sequentes
928 2229 1072 2268 Dionysi
1096 2229 1325 2269 suppeditavit
1348 2229 1457 2259 oratio

135 2276 193 2315 (cs.
226 2286 294 2315 arg.
330 2276 473 2315 primum
509 2274 551 2304 ad
586 2274 686 2304 finem
719 2274 847 2314 ἑκάστῳ
880 2273 899 2305 ἃ
931 2274 1134 2313 συμβήσεται
1170 2272 1382 2313 διεσάφησεν)
1416 2272 1458 2301 de

136 2319 289 2350 Pentheo
305 2319 353 2350 sic
370 2318 470 2349 locuti
486 2329 493 2348 :

134 2377 176 2407 ib.
201 2376 281 2413 1664
371 2376 402 2406 ἐς
419 2372 520 2413 δεσμά
537 2372 565 2404 τ’
583 2372 662 2410 ἦλθε
679 2373 730 2404 καὶ
751 2371 883 2412 (λόγους
901 2371 1144 2412 ἐμπαιγμάτων)

139 2420 220 2457 1663
373 2418 485 2458 τοίγαρ
503 2416 655 2454 τέθνηκεν
671 2415 713 2448 ὧν
731 2417 830 2456 ἐχρῆν
845 2413 951 2485 ἥκισθ’
968 2416 1036 2446 ὕπο.
1288 2461 1326 2490 18

225 2472 305 2493 ΕΗΒ.
326 2471 376 2492 111.
