1658 2740
680 109 905 146 BAKXA!

132 214 202 252 [Ιε.
229 212 313 265 ἔχει
339 212 372 252 δ’
398 214 539 261 ὄνησιν
563 215 670 252 τοῖσι
696 212 858 252 θύουσιν
883 207 1003 258 τίναξ

130 282 193 318 Δι.
228 279 272 319 οὐ
299 278 407 330 θέμις
433 279 603 318 ἀκοῦσαί
627 277 678 324 (τ’,
708 278 794 318 ἔστι
819 279 851 318 δ’
877 278 952 328 ἄξι’
979 279 1133 319 εἰδέναι.

128 348 200 385 lle.
229 345 269 385 εὖ
294 345 396 385 τοῦτ’
424 344 726 395 ἐκιβδήλευσας,
754 344 803 384 ἵν’
831 346 997 385 ἀκοῦσαι
1022 345 1138 386 θέλω.
1388 361 1450 391 475

128 415 193 451 Δι.
228 411 424 463 ἀσέβειαν
451 403 634 452 ἀσκοῦντ’
659 410 759 463 ὄργι’
785 412 962 465 ἐχθαίρει
987 415 1089 452 θεοῦ.

127 481 199 518 Πε.
226 478 294 519 τὸν
320 478 408 520 θεὸν
435 480 528 531 ὁρᾶν
556 480 629 530 γὰρ
655 477 734 534 φῂς
759 482 913 530 σαφῶς,
941 479 1053 520 ποῖός
1078 495 1134 521 τις
1160 478 1222 530 ἦν,

127 548 190 584 Δι.
227 546 360 587 ὁποῖος
386 544 508 596 ηθελ’·
548 544 615 584 οὐκ
642 545 720 596 ἐγὼ
741 543 915 585 ’'rao-‹roz›
940 546 1041 586 τόδε.
1251 518 1274 543 y

92 621 94 624 “
127 614 198 651 Ηε.
225 612 326 652 τοῦτ’
352 612 398 652 αὗ
423 610 733 669 παρωχέτευσας
759 629 800 652 ευ
826 611 962 653 κούδὲν
986 611 1128 665 λέγων.

126 681 189 717 Δι.
226 677 330 729 δόξει
355 696 413 721 τις
438 673 581 730 ἀμαθεῖ
607 673 718 730 σοφᾶ
744 678 874 730 λέγων
900 679 968 720 οὐκ
995 679 1035 720 εὖ
1061 683 1235 732 φρονεῖν.
1387 688 1449 726 480

126 747 196 784 Πε.
225 743 340 795 ἠλθες
366 748 406 786 δὲ
432 749 567 798 πρῶτα
592 744 692 797 δεῦρ’
717 745 825 797 ἄγων
850 745 917 786 τὸν
943 746 1125 797 δαίμονα;

125 815 189 850 Aa.
224 814 298 853 πᾶς
323 812 556 866 ἀναχορεύει
581 811 804 864 βαρβάρων
828 811 910 852 τάδ’
935 814 1061 865 ὄργια.

125 880 198 918 Πε.
225 882 421 930 φρονοῦσι
446 880 522 931 γὰρ
551 878 683 919 κάκιον
708 878 919 928 Ἑλλήνων
945 879 1059 919 πολύ.

124 947 187 984 Δι.
222 943 304 985 τάδ’
331 945 371 985 εὖ
397 962 442 997 γε
466 947 636 996 μᾶλλον·
677 947 712 986 οἱ
738 946 851 996 νόμοι
876 947 916 986 δὲ
944 945 1139 998 διάφοροι.

123 1013 195 1050 Πε.
223 1012 270 1050 τὰ
295 1010 328 1051 δ’
355 1013 439 1063 ἱερὰ
465 1012 613 1062 νύκτωρ
641 1008 664 1062 ἢ
689 1011 774 1062 μεθ’
799 1011 947 1063 ἡμέραν
971 1016 1118 1059 τελεῖς;
1384 1020 1446 1058 485

124 1080 187 1116 Δι.
222 1077 370 1130 νύκτωρ
395 1079 443 1118 τὰ
468 1077 614 1118 πολλά·
654 1077 863 1128 σεμνότητ’
888 1078 973 1130 ἔχει
997 1079 1150 1120 σκότος.

123 1146 194 1183 Πε.
222 1143 324 1184 τοῦτ’
351 1145 390 1194 ἐς
415 1147 599 1196 γυναῖκας
626 1144 762 1184 δόλιόν
787 1145 874 1184 ἐστι
899 1144 962 1184 καὶ
988 1145 1149 1202 σαθρόν.

123 1213 187 1249 Δι.
223 1210 295 1250 κᾶν
319 1209 444 1265 ἡμέρᾳ
469 1211 515 1251 τό
540 1209 575 1262 γ’
604 1210 772 1262 αἰσχρὸν
799 1209 950 1263 ἐξεύροι
973 1228 1031 1253 τις
1056 1211 1116 1252 ἄν.

121 1279 195 1317 Πε.
222 1278 333 1327 δίκην
358 1294 406 1318 σε
431 1280 565 1318 δοῦναι
593 1280 654 1318 δεῖ
677 1276 943 1330 σοφισμάτων
970 1282 1109 1318 κακῶν.

123 1346 187 1384 Δι.
222 1345 270 1385 σὲ
295 1343 328 1384 δ’
354 1344 522 1395 ἀμαθίας
548 1361 594 1396 γε
623 1344 859 1395 κάσεβοῦντ’
887 1345 924 1386 ἐς
949 1344 1016 1385 τὸν
1043 1343 1143 1386 θεόν.
1383 1360 1448 1391 490

120 1413 194 1451 Πε.
221 1409 272 1453 ὡς
297 1410 444 1463 θρασὺς
470 1411 490 1450 6
515 1410 674 1464 βάκχος
702 1410 792 1451 κούκ
818 1411 1070 1463 ἀγύμναστος
1095 1410 1240 1464 λόγων.

122 1481 186 1517 Δι.
221 1476 300 1529 εἴφ’
325 1478 348 1517 ὅ
371 1494 408 1518 τι
434 1480 574 1518 παθεῖν
605 1480 675 1518 δεῖ·
711 1478 752 1518 τί
773 1495 821 1529 με
845 1477 890 1518 τὸ
914 1478 1041 1519 δεινὸν
1066 1478 1238 1534 ἐργάσῃ;

120 1546 193 1584 Πε.
220 1547 374 1596 πρῶτον
398 1546 472 1595 μὲν
496 1544 624 1597 ἁβρὸν
651 1542 881 1597 βόστρυχον
906 1549 1007 1595 τεμῶ
1036 1544 1166 1585 σέθεν.

122 1614 186 1650 Δι.
224 1609 325 1662 ἱερὸς
349 1611 369 1650 ὁ
388 1611 605 1662 πλόκαμος·
648 1614 701 1665 τῷ
728 1613 801 1666 θεῷ
828 1611 861 1650 δ’
888 1610 1005 1651 αὐτὸν
1031 1610 1177 1663 τρέφω.

120 1679 193 1718 Πε.
220 1677 354 1718 ἔπειτα
378 1677 526 1730 θύρσον
549 1678 663 1718 τόνδε
688 1676 859 1730 παράδος
885 1678 927 1717 ἐκ
951 1681 1097 1730 χεροῖν.
1382 1691 1444 1723 495

122 1747 185 1785 Δι.
220 1743 336 1787 αὐτός
360 1743 399 1795 μ’
427 1745 610 1797 ἀφαιροῦ·
648 1744 772 1784 τόνδε·
788 1743 987 1784 Διονύσου
1013 1748 1136 1796 φορῶ.

120 1813 193 1851 Πε.
220 1811 417 1863 εἱρκταῖσί
439 1810 474 1850 τ’
501 1811 615 1852 ἔνδον
641 1815 756 1862 σῶμα
782 1810 855 1851 σὸν
881 1809 1124 1862 φυλάξομεν.

122 1880 186 1917 Δι.
220 1877 336 1919 λύσει
360 1878 399 1929 μ’
425 1878 445 1917 ὁ
472 1879 622 1929 δαίμων
648 1877 775 1924 αὐτός,
804 1878 897 1917 ὅταν
924 1877 1000 1929 ἐγὼ
1026 1877 1141 1918 θέλω.

120 1946 193 1984 Πε.
219 1945 313 1985 ὅταν
339 1961 386 1998 γε
413 1943 585 2001 καλέσῃς
613 1943 730 1985 αὐτὸν
757 1945 798 1984 ἐν
823 1943 996 1996 βάκχαις
1021 1945 1191 1986 σταθείς.

75 2048 79 2049 ⁷
122 2013 187 2050 Δι.
221 2011 284 2052 καὶ
309 2015 376 2052 νῦν
401 2011 426 2051 ἃ
451 2011 596 2064 πάσχω
624 2012 798 2061 πλησίον
823 2011 958 2063 παρὼν
983 2011 1065 2065 ὁρᾷ.
1383 2024 1446 2053 500

164 2112 227 2142 475
251 2104 333 2136 θέλω
350 2103 364 2134 l
373 2116 379 2135 z
406 2103 508 2136 θέλων
526 2103 552 2133 L
567 2103 592 2133 P
608 2114 614 2134 :
642 2105 739 2133 ‘recte
754 2113 829 2133 cum
846 2103 1044 2143 aposiopesi'
1064 2103 1196 2134 Verrall
1303 2104 1367 2141 476
1390 2104 1445 2135 ἀσ-

120 2148 223 2179 'convo‘
248 2148 327 2189 ὅργι·
354 2147 379 2177 L
397 2147 424 2177 P
636 2156 697 2185 477
731 2148 805 2187 ὁρᾶν
827 2147 890 2186 ’γὰρ
916 2147 1121 2186 Musgrave:
1158 2148 1220 2188 γὰρ
1254 2148 1328 2188 ὁρᾶν
1362 2146 1446 2176 LP:

121 2194 196 2229 post
221 2192 297 2231 ὁρᾶν
320 2200 488 2230 suprascr.
518 2190 558 2222 σὺ
578 2194 602 2230 p
784 2188 823 2226 ἧν
852 2190 1052 2229 Musgrave:
1082 2189 1100 2227 ἦ
1131 2190 1175 2221 P:
1204 2200 1269 2222 om.
1299 2190 1346 2220 L:
1371 2191 1413 2221 ὢν
1437 2189 1450 2219 l

121 2234 184 2271 480
208 2233 350 2275 φρονεῖν]
369 2233 480 2274 λέγειν
498 2233 590 2264 Stob.
609 2233 639 2263 ss.
658 2243 687 2271 4.
710 2234 749 2263 18
855 2233 919 2271 484
943 2232 976 2265 δὲ
994 2233 1041 2264 L:
1067 2244 1130 2264 om.
1153 2233 1179 2264 P
1284 2244 1348 2273 490
1372 2234 1446 2273 ἀμα-

122 2276 187 2309 θίας
210 2289 249 2317 ’γε
275 2276 467 2314 κάσεβοῦντ’
487 2277 533 2308 L:
560 2277 690 2317 ἀμαθίας
711 2276 883 2314 ἆσεβοῦντ’
902 2276 949 2307 P:
976 2277 1105 2316 ἀμαθίας
1122 2277 1166 2318 γ’,
1186 2280 1241 2310 οὐκ
1259 2276 1447 2314 εὐσεβοῦντ’

123 2319 259 2351 Pierson

209 2384 294 2407 EUR-
312 2385 362 2406 111.
1276 2379 1313 2408 ]ϋ
