1658 2740
685 119 974 156 ΟΡΕΣΤΗΣ

164 225 240 263 Με.
269 221 364 274 ὀργὴ
391 224 465 275 γὰρ
490 222 571 274 ἅμα
595 240 670 264 σου
696 223 758 264 καὶ
783 222 828 262 τὸ
853 225 974 274 γῆρας
1000 223 1043 262 οὐ
1070 223 1214 275 σοφόν.
1426 237 1490 268 490

161 292 231 329 Τυ.
271 289 366 341 πρὸς
391 290 496 329 τόνδ’
523 291 630 342 ἀγὼν
654 291 712 332 τίς
737 290 913 341 ἀσοφίας
939 289 1022 338 ἥκει
1047 289 1155 340 πέρι,·

262 357 295 396 εἰ
320 357 367 395 τὰ
394 359 494 396 καλὰ
519 360 618 397 πᾶσι
643 357 798 408 φανερὰ
825 356 886 395 καὶ
912 357 960 394 τὰ
984 355 1036 406 μὴ
1064 355 1177 404 καλά,

260 423 398 462 τούτου
423 424 481 464 τίς
507 424 656 475 ἀνδρῶν
683 421 830 474 ἐγένετ’
857 422 1157 475 ἀσυνετώτερος,

260 490 370 531 ὅστις
394 489 438 529 τὸ
462 491 533 540 μὲν
559 491 709 530 δίκαιον
735 490 803 530 οὐκ
832 488 1032 541 ἐσκέψατο

260 555 339 595 οὐδ’
364 554 485 605 ἦλθεν
510 557 574 596 ἐπὶ
599 555 667 596 τὸν
695 555 825 596 κοινὸν
851 554 1058 606 Ἑλλήνων
1085 556 1224 607 νόμον;
1425 571 1488 600 495

259 622 344 662 ἐπεὶ
370 624 445 674 γὰρ
469 621 707 673 ἐξέπνευσεν
734 622 996 675 Ἀγαμέμνων
1021 624 1114 673 βίον

254 683 451 740 ’Ϋπληγεὶς
477 689 668 741 θυγατρὸς
694 691 762 739 τῆς
789 690 882 740 ἐμῆς
906 690 1004 741 ὑπὲρ
1030 684 1171 741 κάραῗ,

257 756 471 808 αἴσχιστον
496 755 716 807 ἔργον-οὐ
741 757 815 808 γὰρ
841 755 986 796 αἰνέσω
1011 755 1166 796 ποτέ-

257 824 358 875 χρῆν
383 822 500 862 αὐτὸν
525 823 717 863 ἐπιθεῖναι
740 825 813 874 μὲν
838 824 1000 874 αἵματος
1025 824 1148 873 δίκην,
1423 836 1488 866 500

258 888 373 929 ὁσίαν
398 889 586 936 διώκοντ’,
615 891 805 941 ἐκβαλεῖν
829 906 872 930 τε
897 889 1086 941 δωμάτων

254 955 416 1007 μητέρα·
453 955 499 996 τὸ
524 957 690 1008 σῶφρόν
714 956 747 996 τ’
774 957 923 1008 ἔλαβεν
950 957 1035 997 ἀντὶ
1060 960 1268 1009 συμφορᾶς

257 1022 319 1062 καὶ
343 1026 411 1062 τοῦ
435 1023 556 1074 νόμου
580 1022 613 1062 τ’
639 1022 686 1063 ἂν
713 1023 833 1077 εἴχετ’
859 1022 1031 1073 εὐσεβής
1055 1023 1087 1063 τ’
1112 1023 1161 1063 ἂν
1186 1022 1244 1074 ἦν.

255 1092 324 1129 νῦν
348 1088 382 1128 δ’
408 1091 448 1130 ἐς
472 1089 541 1129 τὸν
567 1089 687 1130 αὐτὸν
712 1089 865 1140 δαίμον’
891 1089 988 1140 ἦλθε
1011 1089 1164 1141 μητέρι.

257 1154 377 1205 κακὴν
402 1157 476 1208 γὰρ
502 1155 622 1206 αὐτὴν
648 1156 808 1198 ἐνδίκως
832 1156 1061 1208 ἡγούμενος,
1422 1169 1483 1199 505

254 1221 369 1264 αὐτὸς
396 1223 538 1262 κακίων
561 1222 696 1275 μητέρ’
722 1222 880 1275 ἐγένετο
907 1223 1070 1264 κτανών.

321 1287 515 1340 ἐρήσομαι
540 1289 595 1336 δέ,
625 1289 852 1336 Μενέλεως,
879 1290 1047 1330 τοσόνδε
1072 1307 1132 1331 σε·

254 1356 287 1395 εἰ
312 1355 416 1396 τόνδ’
442 1356 712 1397 ἀποκτείνειεν
739 1357 977 1409 ὁμόλεκτρος
1001 1355 1113 1409 γυνή,

253 1421 314 1474 χὼ
340 1425 452 1463 τοῦδε
476 1427 568 1464 παῖς
593 1423 641 1463 αὖ
666 1422 800 1475 μητέρ’
827 1424 1122 1471 ἀνταποκτενεῖ,

254 1487 404 1529 κᾶπειθ’
431 1489 450 1528 ὁ
478 1490 604 1530 κείνου
631 1490 844 1542 γενόμενος
869 1491 978 1544 φόνῳ
1006 1491 1134 1542 φόνον
1419 1502 1482 1533 5¹0

253 1555 381 1602 λύσει,
408 1554 530 1607 πέρας
558 1555 603 1606 δὴ
629 1560 699 1597 ποῖ
722 1561 849 1597 κακῶν
874 1555 1143 1609 προβήσεται;

254 1625 383 1663 καλῶς
410 1622 544 1662 ἔθεντο
568 1626 689 1663 ταῦτα
713 1622 875 1676 πατέρες
899 1625 936 1663 οἱ
961 1622 1097 1663 πάλαι·

252 1688 292 1728 ἐς
317 1687 502 1738 ὀμμάτων
528 1691 600 1739 μὲν
626 1691 723 1741 ὄψιν
747 1689 815 1729 οὐκ
841 1691 931 1730 εἴων
957 1691 1078 1741 περᾶν

254 1753 334 1793 οὐδ’
361 1756 416 1796 εἰς
442 1755 649 1806 ἀπάντημ’,
678 1756 788 1796 ὅστις
813 1755 892 1806 αἷμ’
917 1756 1022 1808 ἔχων
1048 1759 1166 1807 κυροῖ,

253 1825 421 1873 φυγαῖσι
449 1821 482 1862 δ’
510 1823 659 1869 ὁσιοῦν,
688 1822 1006 1862 ἀνταποκτείνειν
1032 1824 1072 1862 δὲ
1097 1820 1162 1872 μή.
1417 1835 1477 1865 515

194 1923 259 1953 490
282 1915 320 1945 τὸ
336 1925 400 1945 om.
421 1915 447 1945 L
601 1925 660 1954 491
688 1916 776 1955 ἀγών
791 1928 841 1947 τις
858 1915 956 1944 codd.
1047 1914 1156 1953 ἀγῶνα
1172 1913 1274 1951 Greg.
1294 1913 1371 1943 Cor.
1391 1913 1476 1944 rhet.

151 1957 205 1987 vii.
225 1966 256 1996 p.
279 1967 360 1996 1272
378 1957 475 1988 Walz
576 1959 711 1999 ἀσοφίας
731 1958 863 1988 Bothe:
898 1957 1012 1998 σοφίας
1037 1957 1131 1987 codd.
1152 1960 1175 1989 Σ
1196 1961 1229 1986 et
1249 1956 1350 1994 Greg.
1376 1955 1453 1985 Cor.
1471 1967 1476 1986 :

150 2000 227 2040 πρὸς
243 2000 336 2032 τόνδε
354 2002 468 2041 σοφίας
485 2001 534 2034 τίς
553 2003 591 2033 ἂν
608 2003 695 2040 ἀγὼν
713 2002 782 2039 ἥκοι
800 2000 890 2042 πέρι,·
917 2001 1042 2031 Porson
1141 2009 1204 2038 493
1230 1998 1354 2039 ἐγένετ’
1370 1998 1413 2028 Β2
1425 1999 1476 2029 O:

150 2042 267 2083 ’γένετ’
293 2043 342 2074 P:
376 2044 484 2085 γένετ’
511 2044 726 2075 MARVL:
762 2044 900 2084 ’γέγονεν
924 2043 1043 2073 Nauck
1198 2052 1258 2082 497
1292 2044 1423 2082 πληγῆς
1447 2041 1478 2071 Α

149 2089 208 2123 τῆς
227 2088 303 2126 ἐμῆς
322 2089 478 2128 θυγατρὸς
498 2087 593 2118 MA:
620 2088 719 2118 lectio
737 2087 856 2118 dubia:
884 2087 922 2118 ef.
938 2087 1033 2117 codd.
1052 2086 1102 2117 El.
1120 2095 1179 2124 123
1270 2084 1361 2126 ὑπὲρ]
1380 2086 1431 2116 ὕπ’
1445 2088 1477 2118 ἐς

151 2129 378 2170 Herwerden‚
402 2131 557 2171 idemque
574 2131 681 2162 voluit
697 2141 717 2161 v
821 2132 903 2171 κάρα
919 2131 1075 2171 θυγατρὸς
1092 2132 1150 2167 τῆς
1169 2132 1244 2168 ἐμῆς
1263 2129 1399 2169 πληγεὶς
1416 2130 1476 2160 ὕπο

151 2172 286 2203 Brunck
391 2184 455 2213 500
478 2177 563 2215 χρῆν
579 2177 606 2206 δ’
623 2174 652 2203 V
762 2184 823 2213 501
851 2176 976 2206 διώκειν
992 2173 1022 2205 ’τ’
1042 2173 1074 2202 Μ
1181 2183 1244 2211 502
1269 2173 1339 2204 ἀντὶ
1358 2172 1474 2205 LPE:

149 2217 188 2247 ἂν
206 2219 265 2254 τῆς
285 2217 399 2247 ΜΑΒ
412 2218 465 2248 Vl
479 2223 512 2248 et
531 2223 554 2251 Σ
571 2218 657 2248 alter
770 2228 833 2256 504
858 2218 954 2259 μητρί
972 2218 1020 2247 L:
1046 2227 1128 2247 corr.
1149 2217 1162 2246 l
1277 2217 1342 2253 506
1363 2214 1476 2255 μητέρ’

149 2258 282 2299 ἐγένετο
294 2260 442 2292 Porson:
463 2261 595 2302 ἐγένετο
604 2260 728 2302 μητέρα
739 2262 808 2291 sere
821 2261 917 2292 codd.
931 2260 1122 2302 (γένετονε
1143 2262 1268 2300 ’γενετο
1280 2259 1334 2298 Ρ);
1357 2258 1475 2299 ’γέγονε

147 2303 269 2344 μητέρα
288 2303 409 2343 Reisig
539 2314 602 2343 507
629 2306 683 2346 σε]
702 2317 742 2345 γε
761 2305 807 2334 L:
834 2316 871 2336 σε
890 2304 904 2334 l
1032 2313 1093 2342 511
1122 2305 1158 2341 δὴ
1178 2303 1204 2333 L
1217 2303 1281 2333 132:
1306 2301 1340 2334 δὲ
1360 2302 1386 2332 Β
1404 2301 1474 2332 rell.

148 2346 217 2385 ποῖ]
236 2349 280 2384 πῆ
298 2347 325 2376 L
425 2357 487 2386 514
512 2351 601 2388 κυρεῖ
615 2359 657 2378 ex
675 2350 766 2389 κυροῖ
778 2352 813 2378 ut
831 2347 963 2378 videtur
979 2347 1100 2378 sactum
1119 2346 1149 2376 A
1165 2347 1190 2376 L
1279 2356 1342 2385 515
1368 2347 1476 2377 ὁσιοῦν

148 2388 179 2418 Μ
199 2395 233 2420 et
250 2395 274 2424 Σ
286 2390 317 2420 Μ
335 2401 340 2422 :
367 2391 475 2423 ὁσίουν
492 2391 557 2422 VB
574 2402 581 2422 z
606 2391 719 2423 ὡσίουν
740 2390 831 2421 M²A
845 2391 871 2421 L
883 2390 968 2422 va
985 2395 1018 2421 et
1035 2395 1059 2424 Σ
1150 2391 1393 2422 ἀνταποκτεῖναι
1410 2388 1475 2419 VP
