1658 2740
655 105 1001 143 ΕΥΡΙΠΙΔΟΥ

262 208 399 261 [Τυδεῖ
421 225 462 250 τε
490 209 618 260 κάμοί·
658 210 865 261 σύγγαμος
892 208 968 261 γάρ
993 209 1075 249 ἐστ’
1101 208 1224 263 ἐμός·]

259 275 379 328 ἄμφω
406 274 588 326 κατάξειν
617 277 658 318 ἐς
684 275 849 328 πάτραν,
877 276 1053 328 πρόσθεν
1079 276 1112 316 δ’
1139 277 1220 329 ἐμέ.

258 342 405 383 πολλοὶ
431 344 472 383 δὲ
500 346 669 384 Δαναῶν
697 343 758 384 καὶ
785 344 1024 394 Μυκηναίων
1049 343 1160 396 ἄκροι
1280 344 1283 347 ’
1425 358 1489 389 430

258 409 431 462 πάρεισι,
457 412 612 462 λυπρὰν
638 409 768 464 χάριν,
797 411 1016 464 ἀναγκαίαν
1041 410 1086 457 δ’,
1113 411 1201 462 ἐμοὶ

258 476 443 519 διδόντες·
482 477 545 517 ἐπὶ
570 479 645 530 γὰρ
671 477 743 528 τὴν
769 477 866 528 ἐμὴν
894 477 1156 530 στρατεύομαι

258 544 388 585 πόλιν.
463 543 573 586 θεοὺς
599 543 632 584 δ’
660 544 836 595 ἐπώμοσ’
863 544 914 586 ὡς
939 545 1133 587 ἀκουσίως

257 613 338 652 τοῖς
364 610 571 662 φιλτάτοις
598 612 755 652 ἑκοῦσιν
781 611 932 663 ἠράμην
959 611 1064 663 δόρυ.

323 676 415 717 ἀλλ’
444 679 483 718 ἐς
508 679 555 718 σὲ
580 678 698 718 τείνει
723 681 845 718 τῶνδε
870 677 1051 719 διάλυσις
1077 681 1217 724 κακῶν,
1425 690 1488 722 435

256 746 390 795 μῆτερ,
420 743 696 794 διαλλάξασαν
723 745 927 796 ὁμογενεῖς
953 745 1097 796 φίλους

256 814 407 851 παῦσαι
431 811 562 850 πόνων
587 827 635 861 με
664 811 726 851 καὶ
752 812 800 850 σὲ
828 811 888 850 καὶ
914 813 1049 850 πᾶσαν
1074 811 1209 852 πόλιν.

257 876 382 917 πάλαι
406 878 478 927 μὲν
504 877 572 917 οὖν
598 876 781 927 ὑμνηθέν,
813 877 906 917 ἀλλ’
931 877 1036 928 ὅμως
1063 879 1151 929 ἐρῶ·

256 945 305 984 τὰ
329 942 496 997 χρήματ’
524 943 770 995 ἀνθρώποισι
796 944 1022 995 τιμιώτατα,

257 1011 422 1062 δύναμίν
445 1027 487 1051 τε
513 1011 710 1061 πλείστην
736 1014 814 1052 τῶν
841 1012 884 1051 ἐν
910 1011 1131 1063 ἀνθρώποις
1157 1011 1255 1065 ἔχει.
1421 1024 1491 1055 440

256 1078 339 1130 ἁγὼ
367 1075 523 1128 μεθήκω
549 1080 660 1129 δεῦρο
686 1078 827 1129 μυρίαν
853 1077 961 1129 ἄγων

254 1144 424 1197 λόγχην·
464 1144 585 1194 πένης
610 1145 685 1197 γὰρ
713 1144 826 1185 οὐδὲν
852 1143 1012 1196 εὐγενὴς
1040 1144 1151 1197 ἀνήρ.

156 1215 228 1252 Xo.
256 1211 318 1251 καὶ
343 1210 420 1262 μὴν
446 1210 661 1261 Ἐτεοκλῆς
687 1212 727 1253 ἐς
754 1212 972 1263 διαλλαγὰς
998 1212 1065 1252 ὅδε

257 1281 391 1331 χωρεῖ·
430 1277 504 1318 σὸν
530 1278 660 1330 ἔργον,
687 1280 809 1329 μῆτερ
836 1276 1035 1328 Ἰοκάστη,
1063 1277 1199 1331 λέγειν

255 1344 438 1386 τοιούσδε
462 1344 606 1395 μύθους
633 1345 691 1387 οἷς
718 1343 946 1395 διαλλάξεις
971 1343 1106 1386 τέκνα.
1422 1356 1490 1389 445

156 1427 440 1458 ΕΤΕΟΚΛΗΣ
1340 1419 1344 1423 ⁴

254 1490 389 1539 μῆτερ,
417 1486 589 1538 πάρειμι·
627 1486 699 1537 τὴν
725 1486 842 1540 χάριν
867 1488 909 1527 δὲ
936 1487 1001 1528 σοὶ
1027 1486 1156 1528 διδοὺς

255 1554 391 1605 ἦλθον.
462 1553 503 1594 τί
525 1552 602 1607 χρὴ
633 1555 747 1605 δρᾶν;
786 1553 940 1607 ἀρχέτω
966 1553 1010 1594 δέ
1033 1570 1092 1596 τις
1116 1553 1253 1606 λόγου·

257 1621 308 1662 ὡς
333 1620 435 1673 ἀμφὶ
460 1621 572 1673 τείχη
602 1620 664 1660 καὶ
690 1619 904 1672 ξυνωρίδας
929 1620 1066 1673 λόχων

255 1685 420 1727 τάσσων
445 1686 623 1740 ἐπέσχον
651 1687 783 1733 πόλιν,
811 1687 916 1728 ὅπως
943 1687 1103 1737 κλύοιμί
1126 1702 1199 1726 σου

256 1755 389 1796 κοινὰς
415 1754 624 1805 βραβείας,
655 1755 716 1796 αἶς
741 1753 996 1794 ὑπόσπονδον
1022 1756 1163 1804 μολεῖν
1422 1765 1490 1797 450

254 1820 358 1861 τόνδ’
386 1819 571 1870 εἰσεδέξω
598 1819 767 1873 τειχέων
793 1819 972 1860 πείσασά
995 1837 1055 1871 με.

157 1892 209 1927 lo.
261 1889 443 1940 ἐπίσχες·
482 1887 590 1928 οὗτοι
615 1886 660 1927 τὸ
685 1886 786 1941 ταχὺ
811 1886 882 1936 τὴν
909 1887 1019 1937 δίκην
1045 1886 1143 1940 ἔχει,

255 1957 418 2006 βραδεῖς
450 1956 492 1994 δὲ
517 1956 630 2004 μῦθοι
657 1957 849 1994 πλεῖστον
876 1952 1064 1994 ἀνύουσιν
1091 1953 1235 2004 σοφόν.

197 2049 259 2086 428
286 2047 351 2078 dcl.
371 2046 484 2085 ιῘοτῖίη
501 2058 507 2077 :
525 2047 679 2088 περισσὸν
691 2045 771 2077 dicit
784 2051 808 2079 Σ
883 2055 949 2085 430
966 2046 1072 2077 δαναοὶ
1084 2050 1118 2076 et
1132 2046 1234 2087 ἄκρων
1249 2044 1275 2074 Ρ
1356 2053 1416 2083 43Ι
1437 2045 1488 2076 ιῖινκ

154 2094 272 2132 α’γκαῖα
292 2091 324 2121 Μ
343 2103 349 2122 1
375 2101 461 2123 corr.
482 2089 530 2120 Μ2
620 2099 683 2128 433
708 2089 765 2129 ὡς]
790 2090 842 2122 οὓς
861 2088 888 2119 Ρ
976 2099 1039 2128 434
1065 2091 1192 2121 ἑκοῦσιν
1202 2102 1252 2129 γρ.
1273 2092 1296 2121 Σ
1314 2099 1321 2118 :
1338 2090 1488 2119 τοκεῦσιν

152 2135 249 2165 codd.
271 2139 303 2165 et
322 2139 346 2168 Σ
471 2135 534 2172 438
558 2134 613 2165 οὖν
629 2143 694 2165 om.
713 2133 781 2163 VP
907 2143 971 2172 439
995 2134 1203 2174 ἀνθρώποισιν
1221 2131 1357 2173 εὑρίσκει
1374 2131 1488 2172 φίλους

156 2178 240 2209 Plut.
261 2179 303 2208 de
319 2188 383 2208 am.
404 2177 487 2217 prol.
508 2187 539 2216 p.
559 2187 621 2216 497
641 2177 678 2217 Β,
708 2176 747 2207 cf.
769 2176 873 2216 Soph.
895 2176 935 2207 fr.
954 2177 995 2215 85
1015 2188 1021 2207 :
1046 2175 1265 2206 consentiunt
1286 2184 1361 2205 cum
1390 2175 1485 2204 codd.

155 2221 250 2251 Stob.
269 2223 298 2252 ss.
320 2231 371 2260 91.
390 2231 419 2260 3,
441 2220 562 2252 Strabo
580 2230 611 2259 p.
632 2229 694 2258 415
799 2230 859 2258 441
888 2220 991 2260 ἄγων]
1010 2221 1077 2260 ἄγω
1094 2219 1125 2248 Α
1214 2229 1276 2257 444
1294 2217 1408 2259 χωρεῖ]
1419 2218 1487 2255 ἥκει

156 2264 181 2294 Ρ
199 2270 231 2295 et
251 2278 301 2306 γρ.
323 2265 354 2294 Μ
446 2274 507 2303 447
533 2265 571 2301 δὴ
590 2266 638 2295 τίς
655 2263 686 2292 Λ
779 2264 842 2302 448
868 2263 934 2303 καὶ]
953 2264 1018 2295 κείς
1038 2262 1221 2294 Kirchhoff
1305 2272 1370 2301 449
1393 2260 1489 2292 πόλιν

157 2318 220 2339 om.
245 2309 270 2337 L
360 2318 423 2346 452
442 2307 583 2348 ἐπέσχες
594 2307 827 2347 suprascripto
842 2305 993 2346 asuprae‘
1008 2306 1041 2339 M
1135 2309 1202 2339 οὔτι
1218 2306 1244 2336 Ρ
1333 2315 1396 2343 453
1417 2304 1487 2335 ἁνύ-

156 2365 269 2383 τουσιν
287 2351 415 2381 Porson
