1658 2740
618 120 963 158 ΕΥΡΙΠΙΔΟΥ

295 226 363 264 νῦν
388 223 421 263 δ’
447 223 584 266 ἅθλιος
609 223 682 275 μέν
707 223 781 274 εἶμ’
807 225 897 276 ἐγώ,
924 224 1085 276 τλήμων
1111 227 1151 266 δὲ
1179 226 1242 273 σύ,

226 291 361 342 οἰκτρὰ
387 292 428 330 δὲ
453 289 593 343 μήτηρ,
621 289 815 341 τλήμονες
840 293 881 332 δὲ
908 292 1110 344 σύγγονοι.

226 357 260 397 εἰ
285 356 318 396 δ’
343 356 453 397 ἔστιν
479 357 590 399 ὅστις
615 357 810 409 δαιμόνων
835 357 1086 411 ὑπερφρονεῖ,
1368 373 1450 405 1325

225 424 265 464 ἐς
289 422 392 463 τοῦδ’
419 422 596 475 ἀθρήσας
623 423 790 465 θάνατον
815 424 990 477 ἡγείσθω
1016 425 1138 467 θεούς.

125 493 198 530 Χο.
225 488 269 529 τὸ
293 491 365 540 μὲν
391 489 464 531 σὸν
490 491 614 543 ἀλγῶ,
643 490 792 541 Κάδμε·
831 490 902 533 σὸς
928 490 960 531 δ’
986 492 1070 545 ἔχει
1095 492 1205 542 δίκην

226 559 316 598 παῖς
342 556 479 599 παιδὸς
505 556 620 608 ἀξίαν
646 557 730 608 μέν,
758 557 947 609 ἀλγεινὴν
974 560 1015 599 δὲ
1041 558 1117 599 σοί.

127 625 199 675 Ay.
227 621 257 663 ὦ
281 622 416 675 πάτερ,
444 624 534 677 ὁρᾷς
558 625 632 676 γὰρ
658 622 747 675 τᾶμ’
772 624 854 679 ὅσῳ
879 623 1132 677 μετεστράφη

660 821 917 851 ΔΙΟΝΥΣΟΣ

223 986 374 1038 δράκων
401 986 552 1042 γενήσῃ
576 988 831 1038 μεταβαλών,
859 987 983 1040 δάμαρ
1008 1004 1051 1029 τε
1077 988 1128 1040 σὴ
1366 1002 1450 1035 1330

223 1053 493 1106 ἐκθηριωθεῖσ’
519 1055 642 1106 ὄφεος
667 1053 833 1105 ἀλλάξει
856 1055 991 1101 τύπον,

220 1118 269 1170 ἢν
287 1119 429 1172 ’Άρεος
454 1120 574 1174 ἔσχες
598 1120 812 1172 Ἁρμονίαν
837 1121 978 1172 θνητὸς
1003 1121 1140 1173 γεγώς.

132 1183 201 1225 7
223 1188 321 1240 ὄχον
347 1189 388 1227 δὲ
413 1187 591 1240 μόσχων,
619 1187 800 1241 χρησμὸς
825 1188 875 1230 ὡς
898 1187 1010 1240 λέγει
1036 1189 1145 1234 Διός,

140 1252 149 1259 ’“
210 1244 614 1308 mla
641 1253 860 1306 βαρβάρων
885 1254 1112 1305 ἡγούμενος.

224 1322 379 1362 πολλὰς
404 1322 445 1361 δὲ
469 1319 630 1372 πέρσεις
655 1321 852 1376 ἀναρίθμῳ
879 1323 1139 1373 στρατεύματι
1365 1335 1446 1368 1335

223 1387 373 1429 πόλεις·
410 1387 505 1427 ὅταν
530 1388 571 1427 δὲ
596 1386 741 1438 Λοξίου
762 1386 1004 1442 χρηστήριον

224 1452 487 1506 διαρπάσωσι,
515 1454 659 1494 νόστον
684 1453 824 1495 ἄθλιον
847 1453 970 1495 πάλιν

225 1520 441 1574 σχήσουσι·
481 1522 527 1561 σὲ
553 1519 586 1560 δ’
604 1519 728 1573 ’Ἄρης
752 1519 966 1574 Ἁρμονίαν
990 1537 1032 1562 τε
1055 1521 1216 1573 ῥύσεται

223 1586 406 1639 μακάρων
432 1586 465 1626 τ’
493 1588 534 1628 ἐς
558 1586 647 1627 αἶαν
673 1586 748 1627 σὸν
773 1587 998 1639 καθιδρύσει
1021 1588 1128 1638 βίον.

288 1653 394 1694 ταῦτ’
419 1653 508 1707 οὐχὶ
534 1656 675 1704 θνητοῦ
698 1653 845 1706 πατρὸς
869 1654 1041 1706 ἐκγεγὼς
1065 1654 1172 1707 λέγω
1359 1668 1444 1701 1340

224 1721 434 1767 Διόνυσος,
462 1721 568 1761 ἀλλὰ
594 1721 734 1771 Ζηνός·
773 1722 806 1761 εἰ
831 1723 873 1761 δὲ
899 1725 1124 1773 σωφρονεῖν

222 1787 375 1840 ἔγνωθ’,
402 1786 458 1828 ὅτ’
484 1787 554 1827 οὐκ
578 1786 755 1837 ἠθέλετε,
782 1787 851 1828 τὸν
879 1787 975 1830 Διὸς
1001 1788 1120 1840 γόνον

222 1853 474 1905 εὐδαιμονεῖτ’
502 1854 550 1894 ἂν
575 1853 786 1908 σύμμαχον
813 1853 1051 1905 κεκτημένοι.

125 1925 194 1962 Κα.
226 1921 412 1967 Διόνυσε,
439 1920 696 1972 λισσόμεσθά
722 1921 775 1968 σ’,
803 1920 1051 1973 ἠδικήκαμεν.

123 1993 187 2029 Δι.
217 1988 286 2041 ὄψ’
313 1987 469 2039 ἐμάθεθ’
493 1988 610 2039 ἡμᾶς,
638 1989 704 2029 ὅτε
730 1991 772 2030 δὲ
796 1990 910 2042 χρῆν,
937 1988 1004 2028 οὐκ
1027 1987 1153 2044 ᾔδετε.
1355 2001 1440 2034 1345

168 2090 249 2120 1329
274 2080 352 2112 Post
369 2080 445 2112 h.v.
468 2080 621 2112 lacunam
646 2091 802 2121 magnam
826 2081 941 2112 statuit
965 2080 1158 2120 Tyrwhitt:
1189 2080 1266 2112 vide
1297 2080 1359 2112 sub
1382 2082 1439 2115 fin.

120 2125 249 2156 fabulae
355 2134 436 2163 1330
461 2135 525 2155 om.
543 2125 587 2156 P:
611 2125 722 2164 suppl.
744 2125 894 2156 Bredow
911 2135 929 2155 e
947 2125 1061 2156 Schol.
1081 2125 1180 2156 Dion.
1202 2124 1275 2156 Per.
1296 2126 1440 2165 391‚qui

119 2168 150 2199 h.
165 2179 194 2200 v.
209 2178 284 2199 cum
294 2168 423 2199 duobus
440 2168 658 2208 sequentibus
679 2169 757 2199 citat
850 2178 931 2208 1332
952 2169 1098 2208 ἁρμονίας
1117 2168 1143 2198 Ρ
1158 2180 1164 2198 :
1182 2178 1267 2199 corr.
1282 2167 1440 2200 Musurus

122 2222 203 2251 1333
221 2213 301 2253 ὄχον
314 2211 474 2243 Musurus
489 2223 496 2242 :
514 2212 602 2253 ὄχων
614 2212 640 2242 Ρ
762 2222 843 2251 1334
863 2214 940 2255 ἐλᾷς
953 2211 978 2242 Ρ
1107 2221 1186 2251 1341
1207 2215 1375 2253 σοφρονεῑν
1390 2212 1417 2243 Ρ
1432 2223 1440 2244 :

118 2265 201 2286 corr.
218 2260 243 2295 p
371 2265 453 2295 1342
478 2255 647 2296 ἔγνωθ’ῥὲ
672 2255 786 2297 ἄγνωθ’
807 2256 833 2286 Ρ
954 2265 1037 2295 1343
1062 2255 1270 2295 εὐδαιμονοΐτ’
1290 2255 1336 2286 Ρ;
1361 2260 1438 2295 post

119 2298 348 2338 Musgravium
367 2299 501 2330 correxi
618 2308 713 2338 1344,
734 2299 826 2338 1346,
849 2299 930 2338 1348
949 2299 1074 2330 Cadmo
1098 2299 1210 2330 tribuit
1229 2299 1273 2330 P:
1298 2298 1437 2337 Agavae

117 2343 191 2372 edd.
214 2348 289 2381 post
304 2343 498 2373 Elsmleium
595 2352 676 2382 1344
701 2343 881 2381 λισσόμεθα
899 2343 924 2373 P
1027 2352 1106 2381 1345
1133 2342 1254 2383 ἐμάθεθ’
1271 2366 1278 2373 .
1293 2365 1299 2373 .
1316 2366 1323 2373 .
1338 2342 1435 2385 ᾔδετε

119 2385 275 2416 Musurus
292 2397 298 2416 ε
317 2386 439 2425 ἐμέθετ’
455 2409 461 2416 .
479 2409 487 2417 .
508 2409 514 2416 .
537 2388 637 2418 εἴδετε
659 2387 698 2417 P:
723 2387 833 2417 adfert
854 2385 1033 2417 Elmsleius
1054 2386 1159 2417 Bekk.
1182 2386 1312 2418 Anccd.
1337 2396 1368 2426 p.
1392 2387 1436 2426 98

118 2431 226 2468 ’ἥδεται
247 2430 355 2470 (ᾔδετε
374 2429 471 2467 leg-⁷·
498 2430 665 2469 Εὐριπίδης
684 2430 822 2469 Βίκχαις
956 2428 983 2461 δ’
1002 2433 1102 2470 ἐχρῆν
1120 2430 1146 2460 Ρ
