1658 2740
175 2191 256 2229 1067
282 2194 454 2232 περιφορᾶν
473 2191 499 2220 Ρ

611 123 951 162 ΕΥΡΙΠΙΔΟΥ

220 231 342 284 τόρνῳ
369 230 618 286 γραφόμενος
643 232 863 285 περιφορὰν
879 230 1004 287 ιἕλκει
1020 228 1177 283 δρόμου·

221 297 271 338 ὣς
297 295 413 336 κλῶν’
440 296 567 348 ὄρειον
593 296 613 336 ὁ
639 295 749 347 ξένος
773 300 908 350 χεροῖν
933 296 1039 349 ἄγων

220 363 417 414 ἔκαμπτεν
442 363 482 405 ἐς
506 365 593 415 γῆν,
622 362 781 415 ἔργματ’
807 364 897 417 οὐχὶ
923 365 1045 414 θνητὰ
1071 366 1185 415 δρῶν.

220 428 378 470 Πενθέα
403 429 436 469 δ’
463 430 623 482 ἱδρύσας
649 430 840 470 ἐλατίνων
866 430 966 479 ὄζων
992 430 1068 476 ἔπι,

220 496 336 548 ὀρθὸν
361 497 575 547 μεθίεινδιὰ
599 501 729 550 χερῶν
753 496 958 548 βλάστημ’
984 496 1064 536 ἄνω

220 562 380 615 ἀτρέμα,
408 562 635 615 φυλάσσων
658 563 711 614 μὴ
738 562 1009 617 ἀναχαιτίσειέ
1033 579 1106 608 νιν,

219 629 313 681 ὀρθὴ
340 628 372 668 δ’
398 630 437 671 ἐς
462 629 579 681 ὀρθὸν
604 629 725 682 αἰθέρ’
750 631 988 682 ἐστηρίζετο,

220 696 370 748 ἔχουσα
396 696 533 738 νώτοις
558 694 756 746 δεσπότην
783 696 995 748 ἐφήμενον·

220 763 331 814 ὤφθη
358 764 401 802 δὲ
423 765 581 813 μᾶλλον
606 759 628 812 ἢ
655 765 807 803 κατεῖδε
831 762 1034 813 μαινάδας.

219 830 317 869 ὅσον
342 831 417 881 γὰρ
442 829 550 869 οὔπω
576 831 694 879 δῆλος
719 828 766 879 ἦν
792 828 958 870 θάσσων
983 829 1076 876 ἄνω,

221 895 283 936 καὶ
307 895 377 936 τὸν
401 895 516 946 ξένον
540 898 614 947 μὲν
639 895 762 936 οὐκέτ’
790 897 950 949 εἰσορᾶν
978 898 1117 949 παρῆν,

221 964 263 1003 ἐκ
287 961 321 1002 δ’
347 962 501 1015 αἰθέρος
527 962 640 1015 φωνή
668 980 739 1008 τις,
769 963 819 1005 ὡς
842 965 915 1015 μὲν
941 963 1097 1004 εἰκάσαι

221 1030 433 1079 Διόνυσος,
461 1028 698 1081 ἀνεβόησεν·
730 1029 788 1070 ςΩ
814 1029 999 1076 νεάνιδες,

221 1096 304 1149 ἄγω
329 1100 397 1137 τὸν
420 1097 519 1147 ὑμᾶς
545 1098 640 1148 κάμὲ
666 1096 769 1148 τάμά
793 1096 826 1137 τ’
851 1099 967 1150 ὄργια

221 1162 352 1215 γέλων
378 1162 594 1214 τιθέμενον·
633 1164 739 1203 ἀλλὰ
764 1163 999 1216 τιμωρεῖσθέ
1024 1181 1096 1205 νιν.

223 1230 284 1270 καὶ
308 1230 415 1270 ταῦθ’
441 1229 505 1280 ἅμ’
531 1227 695 1282 ἠγόρευε
721 1231 783 1271 καὶ
809 1230 905 1282 πρὸς
931 1230 1097 1282 οὐρανὸν

222 1296 284 1337 καὶ
309 1300 426 1349 γαῖαν
452 1295 633 1349 ἐστήριξε
659 1301 743 1349 φῶς
769 1300 917 1348 σεμνοῦ
941 1295 1071 1349 πυρός.

290 1364 437 1415 σίγησε
463 1363 496 1403 δ’
524 1362 650 1415 αἰθήρ,
679 1367 776 1415 σῖγα
802 1363 835 1404 δ’
861 1365 999 1415 ὕλιμος
1024 1363 1128 1415 νάπη

223 1429 345 1483 φύλλ’
371 1429 467 1483 εἶχε,
495 1433 623 1482 θηρῶν
649 1430 681 1470 δ’
708 1430 776 1471 οὐκ
800 1429 848 1471 ἂν
872 1429 1044 1481 ἤκουσας
1069 1430 1183 1482 βοήν.

222 1497 261 1537 αἳ
286 1496 318 1537 δ’
345 1496 442 1537 ὠσὶν
466 1496 569 1550 ἠχὴν
595 1496 640 1537 οὐ
665 1501 807 1549 σαφῶς
832 1497 1060 1550 δεδεγμέναι

223 1564 397 1613 ἔστησαν
423 1564 533 1615 ὀρθαὶ
559 1564 621 1603 καὶ
649 1561 857 1616 διήνεγκαν
883 1562 1011 1615 κόρας.

224 1629 244 1670 δ
269 1629 301 1669 δ’
327 1630 436 1672 αὖθις
462 1629 738 1671 ἐπεκέλευσεν·
779 1631 829 1672 ὡς
855 1630 886 1671 δ’
915 1631 1135 1683 ἐγνώρισαν

224 1698 336 1749 σαφῆ
363 1695 582 1747 κελευσμὸν
609 1698 783 1751 Βακχίου
812 1697 973 1749 Κάδμου
998 1696 1119 1750 κόραι,

222 1762 320 1819 ᾖξαν
345 1764 506 1805 πελείας
532 1763 693 1815 ὠκύτητ’
718 1764 791 1818 οὐχ
817 1764 990 1815 ἥσσονες

224 1833 355 1871 ποδῶν
379 1829 594 1883 τρέχουσαι
620 1832 823 1873 συντόνοις
849 1830 1089 1884 δραμήμασι,

223 1896 350 1949 μήτηρ
374 1896 524 1950 Ἀγαύη
551 1898 746 1951 σύγγονοί
769 1898 802 1938 θ’
828 1899 1047 1951 ὁμόσποροι

225 1965 356 2004 πᾶσαί
377 1981 420 2005 τε
442 1963 608 2017 βάκχαι’
645 1966 710 2005 διὰ
737 1967 779 2006 δὲ
804 1965 1016 2020 χειμάρρου
1042 1965 1167 2016 νάπης

227 2032 362 2084 ἀγμῶν
387 2030 419 2070 τ’
446 2030 599 2081 ἐπήδων
625 2034 716 2073 θεοῦ
740 2036 926 2073 πνοαῖσιν
953 2034 1149 2084 ἐμμανεῖς.

228 2097 279 2140 ὡς
304 2090 465 2139 δ’νεῖδον
491 2098 614 2155 ἐλάτῃ
642 2100 841 2150 δεσπότην
869 2099 1081 2152 ἐφήμενον,

317 2332 399 2360 1090
416 2332 466 2361 sq.
484 2322 611 2359 ἥσσονα
624 2325 728 2354 ποδῶν
746 2323 878 2362 ἔχουσαι
897 2323 1010 2354 Heath

1366 445 1445 475 1070

1366 777 1446 808 1075

1366 1104 1450 1134 1080

1368 1436 1448 1475 1085

1370 1778 1452 1810 1090

1372 2112 1452 2144 1095

653 2191 742 2224 ἕλκει
761 2191 857 2232 (mut.
875 2193 907 2222 in
927 2192 1021 2230 ἕλκη)
1041 2191 1155 2234 δρόμον
1173 2191 1200 2222 Ρ
1218 2203 1225 2222 z
1250 2192 1454 2235 ἑλικόδρομον

130 2233 255 2264 Reiske
271 2245 279 2264 z
305 2234 502 2276 ἑλκεδρόμον
520 2234 672 2273 Scaliger
764 2237 846 2275 1078
864 2236 972 2277 φωνήν
986 2236 1113 2266 Reiske

1206 2237 1288 2274 1083
1306 2237 1455 2277 ἐστήριξε

129 2277 207 2309 Chr.
227 2277 297 2309 Pat.
316 2288 423 2318 2259:
449 2277 596 2320 ἐστήριξε
615 2278 641 2308 Ρ

748 2280 829 2318 1084
855 2281 964 2318 ὕλιμος
982 2279 1061 2310 Chr.
1081 2278 1153 2310 Pat.
1176 2281 1262 2309 2260
1279 2290 1287 2309 τ
1310 2280 1454 2319 εὔλειμος

1177 2332 1254 2361 1091
1280 2321 1453 2364 τρέχουσαι

131 2362 288 2402 Hartung
306 2375 349 2395 ex
370 2365 448 2395 Chr.
472 2365 542 2397 Pat.
567 2375 651 2404 2015
677 2369 782 2397 ποδῶν
808 2366 948 2407 δράμωσι
976 2367 1139 2399 συντόνοις
1164 2366 1342 2406 ὁρμήμασιν
1367 2366 1410 2405 (v.
1432 2366 1451 2396 l.

132 2408 368 2449 δρομήμασιν);
395 2409 525 2448 ἔχουσαι
547 2408 573 2438 Ρ
705 2409 882 2449 δρομήμασι
903 2409 929 2439 P
