1658 2740
683 137 911 174 BAKXAI

138 245 203 281 Δι.
237 241 385 293 θύρσον
409 258 455 292 γε
481 240 584 294 χειρὶ
611 242 673 281 καὶ
700 245 846 293 νεβροῦ
871 241 1032 280 στικτὸν
1058 240 1184 292 δέρας.
1399 244 1460 282 835

138 310 208 348 ΙΙε.
236 307 304 347 οὐκ
329 307 376 348 ἂν
402 309 591 358 δυναίμην
615 310 738 358 θῆλυν
767 309 923 348 ἐνδῦναι
948 306 1111 356 στολήν.

138 378 202 414 Δι.
239 374 330 414 ἀλλ’
357 376 452 425 αἷμα
477 374 613 425 θήσεις
639 374 863 425 συμβαλὼν
887 372 1063 426 βάκχαις
1087 372 1232 426 μάχην.

137 444 209 481 Πε.
239 442 376 493 ὀρθῶς·
413 444 553 492 μολεῖν
577 441 652 494 χρὴ
679 444 835 492 πρῶτον
862 442 916 482 εἰς
942 439 1233 495 κατασκοπήν.κη

137 511 202 547 Δι.
238 508 471 560 σοφώτερον
496 511 590 559 γοῦν
615 504 638 557 ἢ
665 510 797 555 κακοῖς
823 510 945 559 θηρᾶν
972 506 1081 547 κακά.
1194 497 1233 517 J

136 577 209 614 Πε.
240 576 301 615 καὶ
326 578 408 616 πῶς
433 573 482 614 δι’
508 573 658 617 ἄστεως
684 573 763 625 εἶμι
790 575 1006 624 Καδμείους
1030 573 1183 620 λαθών;
1397 578 1463 617 840

137 645 201 680 Δι.
235 641 345 682 ὁδοὺς
372 639 535 692 ἐρήμους
559 642 660 692 ἴμεν·
699 642 777 693 ἐγὼ
803 640 835 681 δ’
860 639 1072 692 ἡγήσομαι.

136 710 210 752 Πε.
235 710 314 747 πᾶν
342 711 527 759 κρεῖσσον
555 707 660 748 ὥστε
684 707 736 759 μὴ
764 707 929 760 ’γγελᾶν
954 706 1113 760 βάκχας
1141 707 1238 757 ἐμοί.

178 791 184 793 ’
238 773 392 814 ἐλθόντ’
419 776 458 816 ἐς
483 775 612 815 οἴκους
637 806 645 815 .
676 807 683 815 .
713 806 720 815 .
749 774 796 814 ἂν
822 777 915 830 δοκῇ
939 773 1225 825 βουλεύσομαι.

137 845 200 881 Δι.
237 838 380 889 ἔξεστι·
419 840 548 897 πάντῃ
574 841 619 880 τό
644 840 680 893 γ’
708 840 802 891 ἐμὸν
827 840 1007 892 εὐτρεπὲς
1032 839 1148 892 πάρα.

137 910 208 948 Πε.
237 906 431 960 στείχοιμ’
458 906 519 948 ἄν·
557 904 580 957 ἢ
607 908 682 959 γὰρ
707 906 799 947 ὅπλ’
826 907 930 960 ἔχων
956 907 1199 959 πορεύσομαι
1398 911 1462 951 845

235 970 258 1023 ἦ
284 976 390 1013 τοῖσι
417 977 528 1014 σοῖσι
552 974 744 1025 πείσομαι
769 974 1056 1025 βουλεύμασιν.

137 1044 201 1080 Δι.
237 1043 430 1092 γυναῖκες,
457 1040 554 1090 ἀνὴρ
582 1042 622 1082 ἐς
647 1041 777 1091 βόλον
803 1041 1049 1087 καθίσταται,
1401 1044 1461 1082 848

235 1106 321 1157 ἥξει
345 1108 387 1146 δὲ
412 1105 585 1159 βάκχας,
613 1106 657 1146 οὗ
683 1107 811 1147 θανὼν
836 1107 956 1146 δώσει
980 1108 1102 1156 δίκην.
1399 1110 1463 1149 847

307 1173 494 1218 Διόνυσε,
522 1176 590 1213 νῦν
618 1176 692 1213 σὸν
718 1172 849 1225 ἔργον·
886 1173 931 1212 οὐ
955 1174 1030 1225 γὰρ
1057 1172 1096 1212 εἶ
1116 1172 1266 1223 πρόσω·

235 1239 443 1290 τεισώμεθ’
469 1239 600 1279 αὐτόν.
672 1243 807 1291 πρῶτα
831 1238 864 1279 δ’
890 1239 1087 1289 ἔκστησον
1113 1242 1302 1292 φρενῶν»
1398 1244 1462 1281 850

237 1306 336 1347 ἐνεὶς
362 1307 544 1358 ἐλαφρὰν
569 1306 743 1346 λύσσαν·
782 1305 833 1347 ὡς
859 1309 1017 1358 φρονῶν
1041 1307 1114 1356 μὲν
1140 1305 1182 1346 εὗ

235 1372 281 1412 οὐ
304 1372 356 1423 μὴ
383 1371 537 1428 θελήσῃ
564 1374 688 1423 θῆλυν
713 1374 866 1413 ἐνδῦναι
892 1371 1054 1423 στολήν,

235 1438 310 1490 ἔξω
335 1437 370 1479 δ’
394 1439 572 1480 ἐλαύνων
598 1443 665 1479 τοῦ
690 1442 854 1492 φρονεῖν
878 1440 1095 1480 ἐνδύσεται.

235 1504 366 1562 χρῄζω
393 1505 436 1546 δέ
461 1522 522 1546 νιν
546 1505 705 1558 γέλωτα
730 1506 930 1558 Θηβαίοις
953 1507 1098 1559 ὀφλεῖν

236 1573 558 1625 γυναικόμορφον
584 1571 780 1625 ἀγόμενον
805 1572 853 1613 δι’
878 1572 1031 1615 ἄστεως
1400 1577 1461 1616 855

237 1641 279 1679 ἐκ
304 1643 380 1680 τῶν
407 1639 584 1679 ἀπειλῶν
608 1643 685 1680 τῶν
711 1641 814 1691 πρίν,
841 1639 928 1679 αἷσι
951 1639 1076 1681 δεινὸς
1100 1638 1160 1689 ἦν.

236 1705 328 1746 ἀλλ’
354 1705 433 1757 εἶμι
458 1703 609 1756 κόσμον
634 1706 756 1758 ὅνπερ
781 1707 836 1747 εἰς
853 1704 992 1746 ”Ἀιδου
1015 1705 1157 1756 λαβὼν

235 1772 372 1813 ἄπεισι
397 1772 542 1823 μητρὸς
569 1773 611 1812 ἐκ
635 1775 771 1825 χεροῖν
797 1773 1083 1824 κατασφαγείς,

236 1841 385 1880 Πενθεῖ
409 1837 648 1891 προσάψων·
688 1838 883 1890 γνώσεται
906 1841 948 1879 δὲ
972 1841 1040 1879 τὸν
1067 1840 1163 1879 Διὸς

234 1903 448 1952 Διόνυσον,
476 1904 519 1946 ὃς
544 1904 720 1957 πέφυκεν
745 1906 788 1945 ἐν
811 1904 920 1945 τέλει
944 1905 1044 1950 θεός,
1395 1907 1458 1938 860

236 1971 472 2018 δεινότατος,
500 1972 745 2023 ἀνθρώποισι
769 1970 802 2011 δ’
828 1971 1057 2021 ἠπιώτατος.

177 2066 240 2104 835
256 2078 295 2105 ’γε
314 2064 491 2095 Hermann
507 2075 514 2094 τ
530 2077 568 2095 τε
586 2062 612 2093 Ρ
769 2063 832 2102 838
851 2066 881 2095 ἐς
897 2063 950 2093 hic
969 2063 994 2092 P
1158 2063 1223 2100 840
1247 2062 1394 2101 καδμίους
1413 2061 1457 2094 P:

134 2118 216 2139 corr.
230 2113 256 2148 p
402 2109 466 2146 842
483 2107 620 2148 ’γ’γελᾶν
638 2106 780 2137 Pierson
800 2106 924 2136 Reiske
943 2117 950 2136 :
973 2109 1077 2147 ’γελᾶν
1094 2106 1120 2136 Ρ
1265 2106 1328 2144 843
1345 2110 1378 2136 et
1394 2106 1457 2143 844

135 2152 370 2191 paragraphos,
386 2151 449 2189 845
463 2151 539 2191 ἆγγ.
556 2160 702 2190 praescr.
717 2150 744 2180 P
758 2161 765 2180 z
789 2160 874 2180 corr.
891 2149 1004 2180 Heath
1092 2150 1156 2188 843
1179 2150 1280 2181 ἐλθών
1291 2151 1324 2189 ’γ’
1339 2149 1457 2178 Nauck

135 2195 188 2236 ἃν]
207 2197 244 2227 ἂν
262 2195 289 2225 Ρ
434 2195 497 2232 844
523 2192 671 2235 εὐτρεπὲς
688 2193 814 2223 Canter
829 2204 836 2222 :
862 2192 1012 2234 εὐπρεπὲς
1030 2192 1057 2222 Ρ
1203 2193 1266 2230 846
1289 2195 1355 2224 τοῖς
1373 2195 1457 2224 σοῖσι

134 2239 279 2278 πείθομαι
306 2238 352 2268 P:
377 2247 458 2269 corr.
487 2237 646 2268 Musurus
770 2237 832 2275 847
859 2240 936 2276 post
961 2237 1025 2275 848
1050 2235 1122 2271 trai.
1142 2235 1345 2274 Musgrave:
1369 2234 1457 2265 delet

136 2282 350 2313 Middendorf
366 2292 374 2312 z
397 2282 530 2311 sirecte
549 2280 690 2320 positus,
704 2279 849 2311 sortasse
874 2280 958 2320 ἥξεις
975 2305 982 2312 .
1003 2304 1009 2311 .
1029 2303 1036 2311 .
1056 2281 1170 2312 δώσεις
1338 2279 1416 2319 ἀνὴρ
1430 2278 1457 2309 Ρ

133 2326 197 2363 848
222 2326 362 2366 βάκχαις
389 2324 536 2363 Lenting
673 2324 735 2363 851
761 2323 882 2355 λίσσαν
899 2323 947 2356 P:
969 2333 1056 2354 corr.
1067 2328 1093 2363 p
1237 2324 1301 2361 852
1325 2323 1456 2360 θελήσει

135 2369 162 2399 Ρ
315 2370 378 2407 854
403 2368 516 2408 ὄφλειιι
532 2367 560 2398 Ρ
719 2367 783 2406 855
807 2368 923 2399 ἄστεος
940 2365 967 2396 Ρ
1126 2366 1192 2405 856
1206 2371 1285 2397 ante
1301 2366 1366 2405 855
1382 2365 1452 2396 trai.

134 2412 312 2445 Wecklein
402 2413 465 2451 857
490 2412 565 2444 ἄδου
582 2410 609 2441 Ρ
697 2411 761 2441 860
786 2412 820 2443 ἐν
835 2410 926 2443 τέλει
943 2409 1190 2443 θεός-ττελείως
1206 2409 1275 2442 θεός
