1658 2740
634 119 980 158 ΕΥΡΙΠΙΔΟΥ

142 227 206 262 Aa.
240 224 287 262 σὲ
312 222 382 262 τὸν
407 223 607 274 πρόθυμον
632 222 714 264 ὄνθ’
739 224 763 264 ἃ
787 223 839 274 μὴ
865 225 993 278 χρεὼν
1020 225 1113 277 ὁρᾶν

241 286 463 329 σπεύδοντά
487 289 519 329 τ’
546 290 818 337 ἀσπούδαστα,
846 290 1004 332 Πενθέα
1021 291 1141 344 λέγω,

240 353 338 405 ἔξιθι
362 353 525 408 πάροιθε
549 356 748 408 δωμάτων,
776 359 924 409 ὄφθητί
944 375 1022 409 μοι,

242 421 386 472 σκευὴν
411 423 592 474 γυναικὸς
616 422 804 475 μαινάδος
827 423 986 478 βάκχης
1010 425 1127 479 ἔχων,
1405 440 1467 472 915

238 489 385 541 μητρός
409 505 451 531 τε
475 492 544 540 τῆς
571 493 644 540 σῆς
670 491 732 531 καὶ
757 492 882 544 λόχου
908 489 1168 533 κατάσκοπος·

306 554 467 607 πρέπεις
494 558 535 597 δὲ
561 555 721 608 Κάδμου
747 557 972 610 θυγατέρων
996 558 1156 611 μορφὴν
1180 559 1264 613 μιᾷ.

142 623 213 661 Πε.
242 622 304 662 καὶ
328 621 406 672 μὴν
432 623 525 674 ὁρᾶν
549 640 616 673 μοι
641 624 708 664 δύο
732 626 804 675 μὲν
828 625 963 675 ἡλίους
988 628 1101 671 δοκῶ,

240 690 384 729 δισσὰς
409 690 451 729 δὲ
477 688 622 739 Θήβας
647 690 710 730 καὶ
734 690 900 742 πόλισμ’
926 690 1191 742 ἑπτάστομον·

242 754 305 794 καὶ
330 758 468 807 ταῦρος
492 756 584 806 ἡμῖν
610 757 784 808 πρόσθεν
809 757 994 809 ἡγεῖσθαι
1019 761 1144 799 δοκεῖς
1406 772 1472 803 920

242 821 303 861 καὶ
329 825 387 876 σῷ
414 820 556 873 κέρατα
581 823 692 874 κρατὶ
718 823 1058 877 προσπεφυκέναι.

242 886 334 928 ἀλλ’
360 887 384 938 ἦ
409 887 496 928 ποτ’
522 887 629 938 ἦσθα
655 888 746 942 θήρ,·
785 890 1029 943 τεταύρωσαι
1054 892 1129 943 γὰρ
1154 891 1236 931 οὖν.

143 957 206 993 Δι.
241 954 261 993 ὁ
287 954 375 996 θεὸς
400 955 571 1007 ὁμαρτεῖ,
599 956 773 1008 πρόσθεν
799 955 853 997 ὢν
878 956 946 998 οὐκ
972 956 1147 1008 εὐμενής,

244 1020 462 1073 ἔνσπονδος
486 1022 590 1072 ἡμῖν·
629 1026 698 1063 νῦν
723 1022 757 1063 δ’
783 1024 872 1078 ὁρᾷς
897 1024 921 1064 ἃ
945 1022 1021 1078 χρή
1048 1023 1087 1063 σ’
1113 1025 1218 1077 ὁρᾶν.

146 1089 214 1127 sle.
267 1088 282 1128 ί
303 1089 495 1140 φαίνομαι
520 1088 621 1138 δῆτ’,·
659 1088 748 1143 οὐχὶ
773 1089 843 1140 τὴν
867 1090 989 1133 Ἰνοῦς
1015 1089 1160 1132 στάσιν
1408 1104 1470 1136 925

228 1167 263 1203 p]
288 1154 360 1205 τὴν
385 1154 555 1207 Ἀγαύης
583 1154 760 1204 ἑστάναι,
787 1158 934 1209 μητρός
960 1156 997 1208 γ’
1024 1159 1137 1208 {fit-7355

144 1224 206 1261 Δι.
242 1220 360 1263 αὐτὰς
385 1222 536 1263 ἐκείνας
561 1223 721 1275 εἰσορᾶν
746 1225 846 1263 δοκῶ
873 1223 912 1264 σ’
940 1225 1053 1276 ὁρῶν.

242 1287 332 1328 ἀλλ’
358 1287 404 1339 ἐξ
425 1289 538 1341 ἕδρας
564 1306 630 1329 σοι
656 1290 858 1341 πλόκαμος
884 1288 1068 1346 ἐξέστηχ’
1094 1291 1173 1338 ὅδε,

241 1354 315 1407 οὐχ
340 1355 391 1396 ὡς
417 1356 493 1408 ἐγώ
520 1372 580 1396 νιν
604 1355 679 1397 ὑπὸ
703 1357 820 1411 μίτρᾳ
846 1356 1091 1410 καθήρμοσα.

141 1423 213 1462 Πε.
241 1420 354 1463 ἔνδον
380 1423 577 1473 προσείων
602 1422 719 1464 αὐτὸν
745 1424 944 1465 ἀνασείων
969 1423 1002 1464 τ’
1028 1425 1107 1476 ἐγὼ
1410 1438 1474 1471 930

242 1487 304 1528 καὶ
328 1487 559 1542 βακχιάζων
586 1488 631 1540 ἐξ
654 1490 769 1542 ἕδρας
792 1491 1038 1543 μεθώρμισα.

142 1558 206 1596 Δι.
244 1554 335 1595 ἀλλ’
360 1555 477 1596 αὐτὸν
502 1556 625 1606 ἡμεῖς,
653 1557 710 1598 οἶς
736 1574 784 1598 σε
811 1558 1039 1610 θεραπεύειν
1063 1557 1189 1609 μέλει,

240 1620 361 1662 πάλιν
387 1626 720 1673 καταστελοῦμεν·
758 1623 848 1663 ἀλλ’
875 1625 991 1676 ὄρθου
1017 1622 1125 1676 κάρα.

142 1691 214 1729 Πε.
244 1689 339 1735 ἰδού,
368 1688 418 1729 σὺ
444 1689 597 1740 κόσμει·
637 1689 701 1729 σοὶ
728 1690 802 1742 γὰρ
829 1690 1098 1742 ἀνακείμεσθα
1123 1689 1182 1742 δή.

143 1759 207 1795 Δι.
246 1756 364 1805 ζῶναί
385 1755 428 1796 τέ
454 1773 519 1796 σοι
543 1760 705 1809 χαλῶσι
732 1757 830 1811 κούχ
857 1756 946 1808 ἑξῆς
972 1757 1136 1799 πέπλων
1411 1772 1473 1804 935

243 1823 424 1864 στολίδες
448 1822 523 1863 ὑπὸ
549 1826 744 1875 σφυροῖσι
770 1824 970 1865 τείνουσιν
996 1823 1126 1866 σέθεν.

145 1880 362 1940 Πεζκῳᾶμοῖ
385 1893 546 1930 δοκοῦσι
572 1887 677 1942 παρά
703 1907 749 1943 γε
774 1890 903 1942 δεξιὸν
928 1892 1039 1932 πόδα·

242 1955 429 1997 τάνθένδε
454 1956 486 1997 δ’
513 1957 637 2009 ὀρθῶς
662 1959 767 2009 παρὰ
793 1957 943 1999 τένοντ’
968 1959 1052 2013 ἔχει
1078 1957 1241 2001 πέπλος.

144 2028 208 2063 Δι.
246 2022 269 2073 ἦ
294 2023 370 2064 πού
393 2041 441 2074 με
466 2027 544 2064 τῶν
571 2028 653 2064 σῶν
680 2028 835 2076 πρῶτον
861 2024 994 2082 ἡγήσῃ
1020 2027 1164 2077 φίλων,

186 2127 250 2156 913
277 2116 456 2149 σπεύδοντά
475 2117 632 2148 Musurus
649 2129 655 2147 :
680 2118 861 2150 σπένδοντά
880 2118 905 2148 Ρ
1047 2129 1109 2158 917
1134 2120 1259 2160 μορφὴν
1273 2118 1452 2158 Musgrave
1468 2130 1474 2149 z

143 2163 247 2202 μορφῇ
266 2160 311 2190 P:
337 2163 443 2202 μορφῇ
462 2161 497 2193 δὲ
516 2185 523 2192 .
543 2185 550 2192 .
573 2186 580 2193 .
598 2161 727 2203 πρέπεις
743 2164 802 2203 μιᾷ
819 2161 956 2192 Brunck
1120 2172 1186 2201 920
1209 2164 1355 2202 ἡγεῖσθαι
1373 2172 1474 2201 Supra

144 2204 338 2243 suppletum
357 2205 390 2234 in
410 2204 436 2234 P
541 2214 604 2244 923
631 2209 743 2234 notam
764 2205 905 2244 Dionysi
923 2205 1046 2243 omisit,
1065 2215 1130 2245 924
1149 2215 1295 2244 praescr.
1318 2205 1364 2237 P:
1386 2215 1471 2235 corr.

144 2246 316 2285 Tyrwhitt
405 2257 468 2287 923
487 2249 578 2287 amp:
594 2249 630 2280 ὃν
643 2248 669 2278 Ρ
758 2249 822 2287 926
838 2248 958 2290 μητρός
970 2249 1002 2289 γ’
1016 2255 1058 2290 p:
1074 2250 1193 2290 μητρὸς
1207 2248 1233 2278 Ρ
1320 2258 1385 2287 929
1401 2252 1473 2280 καθ-

144 2291 271 2330 ήρμοσα
283 2296 307 2330 p
322 2302 328 2321 z
355 2293 539 2333 καθώρμισα
556 2290 593 2330 Ρ,
615 2292 757 2323 sortasse
775 2296 878 2332 recte,
899 2292 941 2322 ef.
961 2302 1022 2332 931
1145 2302 1219 2332 930,
1237 2302 1298 2333 931
1319 2292 1351 2322 in
1369 2301 1470 2330 marg.

146 2335 325 2408 ροὶεῐὲῗοάο
342 2335 475 2366 additos
491 2335 593 2366 habet
612 2334 638 2365 P
776 2345 841 2374 932
864 2337 957 2375 μέλει
970 2341 995 2376 p
1011 2346 1018 2365 :
1041 2335 1125 2375 μέλη
1146 2335 1173 2366 P
1311 2336 1375 2375 936
1398 2333 1472 2375 ὑπὸ]

146 2390 185 2408 Επ
258 2387 312 2408 aSS
