1658 2740
663 114 946 152 ΟΡΕΣΤΗΣ

240 218 379 260 ἀδίκως
404 219 593 270 ἀθροίσας
617 218 781 258 Ἑλλάδ’
809 217 895 267 ἦλθ’
922 218 986 258 ὑπ’
1005 217 1146 263 Ἴλιον,

242 284 308 324 οὐκ
334 284 561 336 ἐξαμαρτὼν
586 286 714 330 αὐτός,
742 284 833 324 ἀλλ’
859 285 1049 336 ἁμαρτίαν

241 353 309 400 τῆς
335 353 408 401 σῆς
433 352 615 403 γυναικὸς
641 351 793 391 ἀδικίαν
818 350 852 390 τ’
879 351 1055 400 ἰώμενος.
1400 354 1464 392 650

240 417 282 456 ἓν
306 420 378 467 μὲν
403 418 483 457 τόδ’
508 418 599 469 ἡμῖν
625 417 708 457 ἀνθ’
734 417 820 459 ἑνὸς
845 418 980 457 δοῦναί
1003 433 1050 457 σε
1074 416 1163 469 χρή.

241 483 409 524 ἀπέδοτο
436 484 483 530 δ’,
511 484 562 526 ὡς
586 483 662 536 χρὴ
688 487 770 525 τοῖς
797 485 957 536 φίλοισι
981 483 1070 525 τοὺς
1095 483 1249 534 φίλους,

239 550 283 590 τὸ
310 549 409 601 σῶμ’
433 551 602 601 ἀληθῶς,
631 551 697 591 σοὶ
723 548 813 602 παρ’
839 549 974 590 ἀσπίδ’
1000 551 1190 599 ἐκπονῶν,

240 617 345 658 ὅπως
371 617 421 657 σὺ
444 617 516 667 τὴν
542 616 619 667 σὴν
643 615 868 667 ἀπολάβοις
893 615 1095 668 ξυνάορον.

239 683 455 724 ἀπότεισον
479 684 546 724 οὖν
570 700 638 734 μοι
663 683 780 723 ταύτὸ
805 682 906 723 τοῦτ’
933 685 1014 723 ἐκεῖ
1034 682 1188 733 λαβών,
1400 686 1463 725 655

239 751 332 800 μίαν
356 749 536 800 πονήσας
562 749 722 802 ἡμέραν,
750 750 857 800 ἡμῶν
881 751 979 801 ὕπερ

240 815 432 868 σωτήριος
459 817 569 862 στάς,
596 816 648 867 μὴ
675 815 752 856 δέκ’
779 815 981 866 ἐκπλήσας
1007 815 1086 865 ἔτη.

305 883 329 922 ἃ
353 883 386 922 δ’
415 884 538 925 Αὐλὶς
564 883 689 934 ἔλαβε
718 882 860 935 σφάγι’
888 884 980 933 ἐμῆς
1006 882 1244 934 ὁμοσπόρου,

240 950 289 988 ἐῶ
316 949 354 988 σ’
380 949 488 1003 ἔχειν
513 949 633 990 ταῦθ’·
672 948 882 1001 Ἑρμιόνην
906 948 958 999 μὴ
986 952 1109 988 κτεῖνε
1135 948 1200 988 σύ.

239 1019 300 1056 δεῖ
321 1018 395 1068 γὰρ
421 1016 460 1054 σ’
486 1018 580 1066 ἐμοῦ
605 1015 860 1068 πράσσοντος
886 1015 936 1056 ὡς
960 1014 1130 1066 πράσσω
1155 1015 1203 1054 τὰ
1227 1017 1295 1055 νῦν
1401 1018 1463 1048 660

238 1081 362 1122 πλέον
388 1082 595 1135 φέρεσθαι,
623 1083 721 1133 κάμὲ
747 1082 962 1134 συγγώμην
986 1081 1106 1133 ἔχειν.

237 1149 376 1202 ψυχὴν
399 1148 433 1189 δ’
461 1148 555 1199 ἐμὴν
581 1148 647 1190 δὸς
670 1151 721 1203 τῷ
746 1148 981 1202 ταλαιπώρῳ
1007 1147 1124 1199 πατρὶ

240 1215 363 1266 κάμῆς
388 1215 580 1267 ἀδελφῆς,
607 1214 803 1266 παρθένου
827 1217 977 1266 μακρὸν
1001 1213 1159 1266 χρόνον·

243 1282 372 1323 θανὼν
398 1283 475 1334 γὰρ
501 1281 610 1323 οἶκον
635 1280 811 1334 ὀρφανὸν
835 1282 966 1333 λείψω
992 1280 1151 1332 πατρός.
1392 1325 1395 1327 ,

306 1349 419 1399 ἐρεῖς·
459 1348 666 1390 ἀδύνατον.
736 1347 830 1388 αὐτὸ
855 1350 983 1388 τοῦτο·
1023 1347 1114 1388 τοὺς
1138 1347 1282 1399 φίλους
1399 1349 1461 1388 665

242 1416 283 1456 ἐν
307 1418 389 1457 τοῖς
413 1418 545 1457 κακοῖς
571 1415 647 1468 χρὴ
673 1417 755 1457 τοῖς
780 1414 964 1467 φίλοισιν
989 1413 1175 1466 ὠφελεῖν·

238 1482 334 1522 ὅταν
381 1480 391 1495 ’
416 1481 436 1520 ὁ
463 1482 612 1532 δαίμων
637 1481 678 1522 εὖ
703 1484 809 1536 διδῷ,
836 1481 876 1521 τί
900 1483 961 1521 δεῖ
982 1480 1132 1532 φίλων;

238 1548 349 1599 ἀρκεῖ
370 1549 446 1600 γὰρ
471 1547 587 1590 αὐτὸς
613 1549 634 1588 ὁ
659 1547 746 1589 θεὸς
772 1547 946 1599 ὠφελεῖν
973 1546 1113 1587 θέλων.

240 1617 375 1666 φιλεῖν
400 1613 577 1667 δάμαρτα
602 1616 725 1655 πᾶσιν
743 1612 949 1664 ’Έλλησιν
974 1616 1113 1654 δοκεῖς·

245 1680 344 1733 κούχ
367 1679 598 1733 ὑποτρέχων
624 1698 671 1721 σε
696 1684 809 1720 τοῦτο
835 1680 982 1733 θωπείᾳ
1006 1678 1125 1731 λέγω·
1397 1682 1460 1721 670

239 1745 381 1796 ταύτης
407 1748 587 1797 ἱκνοῦμαί
609 1745 737 1787 σ’-ὧ
762 1746 903 1797 μέλεος
922 1747 1026 1796 ἐμῶν
1051 1748 1192 1790 κακῶν,

240 1813 280 1854 ἐς
305 1813 387 1853 οἷον
411 1813 506 1862 ἥκω.
578 1814 617 1853 τί
637 1812 699 1859 δέ,·
744 1815 1010 1864 ταλαιπωρεῖν
1034 1828 1082 1862 με
1108 1814 1177 1851 bet·

238 1879 335 1930 ὑπὲρ
361 1880 436 1930 γὰρ
462 1880 568 1920 οἴκου
594 1878 740 1921 παντὸς
767 1879 923 1919 ἱκετεύω
948 1877 1054 1918 τάδε.

180 1970 243 2008 648
268 1968 336 2009 ὑπ’]
359 1972 390 2002 ἐς
409 1968 463 2001 A:
491 1972 535 2003 εἷς
552 1970 604 2001 V:
629 1972 673 2004 εἷς
695 1970 796 2001 etiam
814 1970 888 2008 LP,
907 1970 968 2000 sed
989 1983 1015 2001 ει
1038 1979 1080 2000 ex
1105 1983 1121 2001 υ
1145 1973 1179 1999 ut
1196 1969 1331 1999 videtur
1352 1968 1463 1999 facto:

136 2012 236 2050 ἦλθεν
254 2013 359 2045 Ἴλιον
387 2013 534 2052 Lenting
665 2015 725 2051 651
762 2013 884 2054 δοῦναι]
915 2014 993 2045 εἶναι
1019 2012 1051 2043 V
1075 2013 1136 2043 sed
1164 2014 1269 2044 δοῦναι
1293 2022 1460 2051 suprascr.

136 2059 222 2098 χρῆν
234 2056 278 2088 L:
302 2056 392 2097 χρήί
477 2058 540 2095 652
564 2057 660 2088 ἀπέδο
672 2056 705 2087 Μ
795 2057 859 2095 654
885 2055 1053 2094 ἀπολάβης
1065 2056 1160 2086 codd.
1252 2056 1316 2093 656
1326 2065 1375 2094 sq.
1390 2056 1465 2094 μίαν

136 2101 280 2138 πονήσας
296 2105 330 2130 et
347 2100 501 2141 σωτήριος
519 2099 598 2132 στάς
615 2100 757 2130 invicem
776 2104 946 2139 permutat
963 2099 1080 2129 Nauck
1202 2100 1267 2137 659
1292 2098 1348 2130 ἕως
1365 2098 1397 2128 Μ
1412 2099 1442 2129 V
1457 2109 1464 2129 :

138 2153 225 2174 corr.
246 2141 325 2173 M²v
413 2146 534 2175 κτεῖναι
552 2142 584 2172 Μ
729 2144 794 2173 660
818 2146 869 2174 δεῖ
881 2142 911 2172 V
927 2147 961 2172 et
977 2152 1144 2181 suprascr.
1165 2142 1206 2181 B,
1224 2142 1303 2172 item
1320 2141 1465 2174 Aristot.

138 2185 214 2216 Eth.
241 2186 313 2216 Nic.
338 2197 371 2217 x.
393 2196 424 2225 9,
450 2186 535 2217 Mor.
556 2186 670 2226 Magn.
693 2187 727 2217 ii.
749 2196 797 2225 15,
825 2185 910 2217 Plut.
935 2185 1020 2216 Mor.
1047 2195 1077 2224 p.
1100 2185 1208 2216 68E:
1236 2185 1277 2217 cf.
1299 2190 1323 2219 Σ
1344 2188 1395 2217 δεῖ
1413 2199 1460 2223 σε,

136 2229 247 2270 φησίν,
283 2231 359 2269 ἐμοῦ
399 2232 637 2270 δυστυχοῦντος
675 2237 750 2262 κτλ.
767 2241 774 2260 :
811 2230 877 2270 χρὴ
912 2228 984 2260 rell.
1120 2230 1185 2268 669
1226 2228 1346 2267 ἕλλησι
1385 2231 1463 2261 πᾶσι

136 2272 280 2314 δάμαρτα
303 2273 329 2303 L
461 2273 527 2311 670
558 2273 586 2304 κ’
613 2273 669 2303 M:
701 2275 783 2313 κούχ
809 2272 857 2302 Μ2
988 2272 1050 2309 671
1083 2271 1181 2310 μέλεε
1206 2271 1233 2302 Ρ
1322 2274 1405 2311 ἐμῶν
1428 2272 1461 2302 in

137 2326 251 2347 rasura
268 2322 302 2347 et
318 2318 424 2348 κακῶν
440 2326 458 2346 e
476 2316 574 2348 κακόν
591 2316 669 2346 feeit
685 2327 705 2347 v
719 2327 726 2347 :
751 2316 827 2357 ἐγώ,
845 2316 944 2347 κακὸν
959 2320 1035 2355 post
1054 2314 1243 2346 Porsonum
1256 2315 1438 2346 Wecklein
1456 2327 1463 2346 ε

137 2359 177 2392 cf.
198 2365 232 2399 Σ,
251 2360 415 2400 δυστυχὴς
433 2361 496 2400 ἐγὼ
515 2361 557 2392 εἷς
572 2362 718 2392 τοιοῦτον
735 2360 833 2391 κακὸν
851 2360 953 2391 ἐλθών
1040 2359 1103 2397 672
1128 2358 1190 2399 δεῖ]
1208 2372 1257 2401 γρ.
1276 2361 1340 2401 χρῆ
1359 2359 1391 2389 Μ
