1622 2740
619 269 937 322 EAENH

493 789 781 828 ΎΠΟΘΕΣΙΣ
838 787 1066 826 ΕᾹΕΝΗΣ

159 913 347 958 Ἡρόδοτος
381 914 513 957 ἱστορεῖ
543 913 619 957 περὶ
642 911 781 955 Ἑλένης
815 913 868 947 καί
902 913 1010 956 φησιν
1045 910 1157 945 ἐλθεῖν
1184 910 1242 954 μὲν
1269 910 1370 953 αὐτὴν
1397 909 1443 943 εἷς

115 971 294 1017 Αἴγυπτον,
323 973 376 1006 καὶ
404 975 504 1007 τοῦτο
533 972 680 1016 φάσκειν
706 969 759 1004 καὶ
784 972 842 1005 τὸν
853 969 1008 1015 ’Ὅμηρον
1032 971 1195 1004 ποιοῦντα
1220 968 1279 1011 τὴν
1304 966 1444 1009 Ἑλένην

113 1031 273 1074 παρέχειν
290 1032 336 1075 τῴ
349 1030 538 1074 Τηλεμάχῳ
556 1029 590 1062 ἐν
603 1027 793 1071 Ὀδυσσείᾳ
810 1028 850 1062 τὸ
866 1027 1087 1071 λαθικηδές
1105 1027 1321 1070 φάρμακον
1342 1026 1385 1058 τό
1409 1026 1442 1058 οἵ

112 1088 213 1131 πόρε
232 1086 482 1130 Πολυδάμνα
505 1087 667 1120 Θόωνος
689 1084 998 1128 παράκοιτις,οὒ
1019 1083 1084 1128 μὴν
1103 1097 1143 1129 γε
1160 1082 1264 1117 οὕτως
1282 1082 1325 1116 ὡς
1343 1082 1442 1125 Εὐρι-

112 1144 211 1187 πίδης
226 1144 345 1188 φησίν.
404 1142 435 1177 οἳ
451 1142 511 1187 μὲν
525 1144 591 1188 ’γὰρ
608 1141 829 1186 πλανωμένην
847 1141 958 1186 φασὶν
975 1141 1076 1185 αὐτὴν
1093 1141 1175 1186 μετὰ
1193 1142 1253 1174 τοῦ
1271 1139 1443 1173 Μενελάου

113 1201 197 1244 μετὰ
220 1201 280 1244 τὴν
307 1201 364 1243 τῆς
392 1199 493 1234 Ἰλίου
520 1200 691 1245 πόρθησιν
717 1200 770 1233 καὶ
796 1199 842 1234 εἷς
867 1197 1040 1245 Αἴγυπτον
1064 1197 1315 1243 παραγενέσθαι
1342 1198 1445 1231 κάκεῖ·

115 1257 171 1292 θεν
194 1257 400 1303 πεπορίσθαι
430 1259 471 1292 τὰ
503 1259 675 1304 φάρμακα·
713 1257 730 1292 ὃ
765 1257 800 1292 δὲ
832 1256 891 1301 τὴν
923 1257 983 1300 μέν
1015 1255 1148 1299 ἀληθῶς
1182 1253 1322 1298 Ἑλένην
1354 1254 1444 1298 φησὶ

113 1315 191 1360 μηδ’
227 1317 387 1351 ὁπωσοῦν
419 1316 531 1351 ἐλθεῖν
563 1317 607 1351 εἷς
643 1316 777 1362 Τροίαν,
809 1315 848 1349 τὸ
881 1312 1023 1349 εἴδωλον
1054 1314 1090 1348 δὲ
1121 1314 1235 1357 αὐτῆς.
1309 1312 1444 1357 κλέψας

113 1374 179 1419 γὰρ
204 1374 308 1418 αὐτὴν
334 1375 351 1407 ὁ
379 1372 629 1420 Ἐρμῆς-’Ἥρας
651 1373 764 1417 βουλῇ
792 1374 927 1418 Πρωτεῖ
951 1375 997 1418 τῷ
1024 1373 1164 1415 βασιλεῖ
1188 1372 1246 1415 τῆς
1274 1369 1443 1415 Αἶγύπτου

115 1431 301 1475 φυλάττειν
323 1432 506 1477 παρέδωκε·
533 1431 656 1467 τούτου
684 1431 721 1466 δέ
749 1431 909 1466 θανόντος
938 1431 957 1463 ὁ
985 1430 1055 1464 υἱὸς
1084 1431 1186 1464 αὐτοῦ
1214 1428 1444 1472 Θεοκλύμενος

115 1489 272 1535 ἐπειρᾶτο
303 1492 422 1536 γαμεῖν
457 1489 568 1534 αὐτήν,
598 1489 617 1534 ἣ
647 1489 683 1524 δὲ
712 1490 812 1524 ἱκέτις
851 1487 1065 1533 παρεκάθητο
1096 1487 1142 1533 τῷ
1181 1489 1242 1520 τοῦ
1278 1486 1444 1530 Πρωτέως

115 1548 270 1592 μνήματι.
326 1547 405 1583 ὅθεν
444 1547 527 1592 αὐτῇ
562 1547 777 1593 ἐπιφαίνεται
812 1547 1003 1589 Μενέλεως,
1037 1546 1095 1579 τὰς
1132 1546 1192 1590 μὲν
1227 1547 1305 1579 ναῖς
1337 1544 1373 1578 ἐν
1403 1548 1445 1586 τῇ

116 1605 277 1649 θαλάσσῃ
295 1605 479 1651 ἀπολέσας,
498 1606 635 1651 ὀλίγους
652 1605 690 1640 δέ
704 1619 796 1640 τινας
821 1607 888 1639 τῶν
905 1605 1044 1648 ἑταίρων
1061 1603 1096 1636 ἐν
1119 1603 1227 1649 ἄντρῳ
1244 1601 1444 1646 καθειργμέ-

81 1665 84 1668 ”
117 1677 193 1698 νους
219 1664 348 1706 σώζων.
398 1663 444 1698 εἷς
471 1664 596 1708 λόγους
629 1663 664 1697 δέ
699 1662 858 1697 ἐλθόντες
885 1661 939 1695 καὶ
967 1661 1338 1705 μηχανορραφήσαντες
1363 1659 1444 1694 ἇπα-

115 1723 200 1755 τῶσι
217 1722 278 1765 μὲν
299 1723 357 1756 τὸν
380 1720 624 1765 Θεοκλύμενον,
645 1721 739 1755 αὐτοὶ
760 1721 795 1754 δέ
820 1720 872 1763 νηὶ
893 1719 1056 1763 ἐμβάντες
1084 1718 1127 1752 ὡς
1149 1717 1188 1761 δὴ
1214 1717 1261 1762 τῷ
1286 1715 1444 1761 Μενέλεῳ

117 1778 251 1813 θανόντι
277 1780 359 1813 κατὰ
385 1779 555 1813 θάλατταν
580 1778 751 1819 θύσοντες,
779 1778 825 1812 εἷς
850 1777 910 1821 τὴν
935 1777 1022 1810 ι’ὃίαν
1048 1776 1280 1817 διασώζονται.

160 1857 407 1896 Argumentum
439 1868 504 1890 om.
538 1859 576 1897 L,
603 1859 704 1889 habet
729 1857 755 1887 P
783 1857 824 1887 ab
851 1856 914 1887 alia
942 1866 1041 1886 manu
1079 1855 1260 1894 postmodo
1295 1853 1442 1884 additum

120 1910 139 1938 3
165 1900 214 1930 Cf.
233 1903 250 1932 δ
267 1902 330 1932 228
464 1912 483 1941 4
508 1904 543 1934 οὐ
559 1901 622 1941 μήν
639 1914 678 1942 ’γε
698 1899 901 1932 Kirchhoff:
926 1901 960 1931 οὐ
976 1900 1040 1939 μὴν
1061 1898 1093 1930 δὲ
1113 1898 1138 1927 Ρ

206 2456 289 2478 Eun.
308 2456 357 2478 111.
1295 2442 1314 2472 1

1469 1441 1506 1462 10

1469 1732 1504 1764 15
