1658 2740
662 132 1010 171 ΕΎΡΙΠΙΔΟΎ

276 234 422 277 κᾶπειτ’
448 235 625 289 Ἀχαιῶν
648 236 781 288 μηδέν’
809 238 850 277 ἐν
875 236 1007 292 χέρσῳ
1032 243 1176 280 λιπεῖν.

272 302 309 342 οἳ
334 301 366 342 δ’
392 302 437 342 οὐ
460 302 625 354 μένουσι
648 307 726 344 τῶν
751 305 855 354 ἐμῶν
880 305 1083 346 θυοσκόων

271 368 438 419 βουλάς·
475 370 518 410 ἐν
542 371 672 427 ὄρφνῃ
698 370 891 423 δραπέτης
914 371 1018 424 μέγα
1044 371 1190 413 σθένει.

339 434 430 476 ἀλλ’
456 435 506 478 ὡς
531 435 703 490 τάχιστα
727 437 804 491 χρὴ
829 438 1126 490 παραγγέλλειν
1152 443 1307 496 στρατῷ
1453 453 1494 484 70

271 502 391 556 τεύχη
417 503 610 556 πρόχειρα
633 503 858 555 λαμβάνειν
882 504 1004 556 λῆξαί
1026 504 1060 545 θ’
1084 506 1220 553 ὕπνου,

272 568 322 610 ὡς
347 568 394 609 ἄν
418 586 476 611 τις
501 569 626 610 αὐτῶν
652 570 714 610 καὶ
737 571 835 613 νεὼς
860 569 1046 626 θρῴσκων
1070 572 1136 614 ἔπι

271 639 396 676 νῶτον
419 636 634 689 χαραχθεὶς
660 638 851 688 κλίμακας
873 637 971 695 ῥάνῃ
997 640 1120 694 φόνῳ,

271 702 307 743 οἲ
332 701 364 741 δ’
392 704 433 743 ἐν
457 704 649 756 βρόχοισι
673 702 830 755 δέσμιοι
853 705 1094 756 λελημμένοι

271 772 438 821 Φρυγῶν
463 769 629 822 ἀρούρας
655 770 858 822 ἐκμάθωσι
882 775 1082 824 γαπονεῖν.
1455 785 1495 817 75

171 838 243 876 Χο.
262 834 423 887 ‘'Em-op,
451 836 632 890 ταχύνεις
657 839 749 889 πρὶν
772 841 911 889 μαθεῖν
936 838 980 878 τὸ
1006 839 1217 890 δρώμενον·

269 901 405 954 ἅνδρες
429 904 505 955 γὰρ
531 904 564 944 εἶ
589 904 809 957 φεύγουσιν
833 904 901 944 οὐκ
926 906 1042 956 ἴσμεν
1066 909 1201 957 τορῶς.

170 972 240 1009 Εκ.
271 970 330 1011 τίς
354 971 428 1021 γὰρ
454 969 540 1021 πύρ’
562 972 692 1011 ,αἴθειν
717 971 918 1023 πρόφασις
942 970 1133 1024 Ἀργείων
1159 972 1349 1024 στρατόν;

169 1039 241 1075 Χο.
267 1036 335 1076 οὐκ
361 1035 445 1076 οἶδ’·
483 1037 659 1077 ὕποπτον
683 1037 716 1076 δ’
743 1039 830 1078 ἐστὶ
856 1036 962 1090 κάρτ’
989 1040 1061 1095 ἐμῇ
1086 1040 1214 1091 φρενί.

170 1105 241 1142 Εκ.
272 1101 385 1143 πάντ’
411 1102 459 1144 ἂν
485 1104 682 1155 φοβηθεὶς
706 1105 803 1150 ἴσθι,
830 1105 1038 1155 δειμαίνων
1061 1106 1163 1146 τόδε.
1456 1110 1498 1141 80

168 1172 241 1209 Χο.
268 1169 374 1209 οὔπω
400 1170 488 1221 πρὶν
514 1169 625 1222 ἧψαν
652 1169 836 1221 πολέμιοι
861 1171 1026 1212 τοσόνδε
1052 1175 1149 1223 φῶς.

170 1239 240 1276 Εκ.
273 1235 352 1276 οὐδ’
377 1235 452 1276 ὧδέ
475 1235 512 1288 γ’
539 1238 714 1289 αἰσχρῶς
739 1236 887 1278 ἔπεσον
913 1239 955 1278 ἐν
980 1244 1104 1295 τροπῇ
1130 1239 1255 1290 δορός.

169 1306 241 1343 Χο.
269 1302 319 1343 σὺ
343 1301 449 1343 ταῦτ’
475 1302 658 1355 ἔπραξας·
699 1304 761 1344 καὶ
785 1306 833 1344 τὰ
857 1306 978 1345 λοιπὰ
1003 1308 1071 1345 νῦν
1098 1306 1250 1346 σκόπει.

171 1372 239 1409 Εκ.
273 1371 421 1411 ἁπλοῦς
446 1369 506 1410 ἐπ’
533 1371 692 1423 ἐχθροῖς
716 1372 836 1421 μῦθος
861 1371 1036 1421 ὁπλίζειν
1061 1370 1171 1425 χέρα.

168 1439 239 1476 Χο.
270 1437 332 1476 καὶ
355 1436 431 1487 μὴν
457 1435 514 1477 ὅδ’
542 1435 685 1479 Αἰνέας
711 1438 774 1478 καὶ
798 1437 907 1488 μάλα
933 1441 1086 1495 σπουδῇ
1111 1437 1229 1480 ποδὸς
1455 1444 1496 1483 85

269 1504 433 1557 στείχει,
460 1502 552 1544 νέον
575 1520 612 1543 τι
638 1503 783 1556 πρᾶγμ’
810 1505 915 1558 ἔχων
940 1505 1076 1557 φίλοις
1102 1504 1269 1557 φράσαι.

169 1588 378 1618 ΑῙΝΕΙΑΣ

261 1647 422 1699 “Em-op,
451 1649 492 1688 τί
510 1649 644 1700 χρῆμα
669 1647 846 1699 νύκτεροι
870 1650 968 1689 κατὰ
994 1652 1165 1701 στρατὸν

267 1716 336 1757 τὰς
361 1715 435 1756 σὰς
460 1714 556 1766 πρὸς
582 1714 695 1756 εὐνᾶς
721 1715 897 1767 φύλακες
923 1714 1106 1758 ἐλθόντες
1132 1715 1251 1770 φόβῳ

268 1785 550 1834 νυκτηγοροῦσι
577 1782 639 1822 καὶ
665 1782 861 1832 κεκίνηται
889 1783 1077 1834 στρατός;

209 1876 250 1915 67
275 1874 375 1914 μηδὲν
391 1875 420 1904 V
432 1874 462 1905 O
568 1875 611 1905 68
636 1874 822 1907 θυοσκόπων
840 1875 865 1904 L
879 1875 905 1905 P
920 1887 927 1905 ε
952 1878 1017 1907 τῶν
1032 1878 1067 1908 ἐκ
1080 1878 1144 1907 τῶν
1162 1874 1307 1915 θυμάτων
1318 1875 1357 1907 τὸ
1371 1874 1496 1915 μέλλον

168 1919 371 1951 σκοπούντων
382 1923 415 1951 Σ.
429 1928 527 1957 quem
539 1923 650 1949 tamen
664 1918 841 1951 θυοσκόπον
852 1919 975 1958 legisse
990 1930 1070 1950 cave
1082 1920 1201 1950 credas
1289 1919 1332 1958 69
1349 1918 1457 1960 ὄρφνει
1467 1918 1497 1949 V

168 1973 207 2001 72
232 1964 307 1994 νεὼς
325 1962 406 1992 Pan.
426 1962 451 1992 L
464 1962 507 1992 P:
534 1966 612 1994 νεῶν
628 1962 700 1993 VO
779 1961 847 2003 ἔπι]
868 1975 940 1994 εστι
957 1963 1039 1994 Pan.
1130 1973 1170 2002 73
1189 1962 1272 1995 νότω
1287 1961 1333 1992 P:
1359 1964 1460 1994 νῶτον
1473 1967 1497 2002 p

168 2017 206 2045 74
248 2006 387 2046 δεσμίοις
421 2005 450 2036 O
554 2005 751 2045 λελημμένοι
785 2005 837 2036 O:
876 2006 1050 2046 λελημένοι
1086 2006 1192 2038 Pam:
1230 2004 1410 2045 λελημένος
1441 2006 1494 2036 vel

165 2049 367 2089 λελημμένος
384 2049 463 2080 Chr.
485 2049 557 2080 Pat.
579 2059 660 2088 2351
679 2061 685 2080 ἒ
710 2049 906 2089 λελησμένοι
919 2050 950 2082 V
964 2050 990 2081 L
1003 2051 1028 2081 P
1118 2059 1157 2089 75
1178 2052 1330 2091 γαπονεῖν
1345 2048 1425 2080 Pan.
1442 2049 1472 2080 Ο
1490 2061 1496 2081 :

164 2096 319 2134 ymroveTv
352 2093 377 2123 L
397 2093 423 2124 P
454 2098 488 2124 et
518 2107 557 2134 γε
589 2093 691 2124 habet
722 2094 756 2124 in
789 2094 939 2133 margine
972 2094 1074 2125 Pam:
1114 2097 1158 2135 ’γᾶ
1189 2096 1297 2125 πονεῖν
1320 2094 1350 2123 V
1380 2093 1493 2125 Haun.

168 2138 206 2175 76
239 2150 422 2178 πορωμενον
452 2137 485 2167 in
518 2151 555 2168 το
584 2140 742 2179 δρωμενον
769 2139 917 2169 correxit
946 2137 1042 2170 Pan.²
1183 2147 1221 2176 77
1258 2138 1368 2178 ἄνδρες
1395 2137 1494 2168 codd.

166 2188 329 2221 φεύγωσιν
345 2185 379 2211 et
395 2194 500 2222 τωρως
519 2180 613 2214 Pam,
634 2189 809 2222 φευγουσιν
827 2181 924 2212 Pan.²
1057 2182 1097 2220 78
1121 2181 1280 2222 πυραίθειν
1297 2180 1322 2210 L
1335 2179 1414 2219 ΡΟ,
1434 2180 1495 2210 sed

165 2234 333 2263 suprascr.
352 2224 384 2254 in
404 2224 429 2254 L
448 2226 527 2265 πυρὰ
544 2228 663 2257 αἴθειν.
657 2236 663 2243 ·
687 2227 747 2266 πῦρ
764 2228 859 2257 αἴθειν
875 2225 906 2255 V
977 2237 1106 2266 στρατῳ
1093 2227 1107 2234 ”
1122 2224 1285 2255 Morstadt
1376 2224 1418 2254 82
1435 2222 1497 2256 ὧδέ

163 2268 213 2308 γ’]
233 2267 285 2300 ὧδ’
303 2268 332 2297 V
420 2269 462 2306 84
485 2268 596 2309 μῦθος]
616 2268 723 2307 μύθοις
742 2268 846 2300 Pan..
841 2270 964 2308 ·θυμὸς
983 2268 1085 2299 Basil.
1103 2269 1145 2299 de
1164 2267 1226 2307 leg.
1249 2268 1320 2298 libr.
1338 2272 1428 2307 gent.
1450 2269 1494 2309 τῇ

164 2313 325 2353 τραγῳδιᾳ
339 2314 374 2344 οὐ
392 2313 592 2351 πιστευτέον,
614 2312 769 2349 ἁπλοῦς,
784 2313 938 2354 λεγούση
958 2314 1011 2344 ἐπ’
1030 2312 1190 2352 ἐχθροὺς
1207 2313 1319 2350 θυμὸς
1337 2301 1489 2350 ὁπλίζει

162 2354 258 2395 χέρα
346 2370 428 2396 χερα
445 2356 473 2385 V
486 2356 525 2391 O
545 2356 678 2387 Cf.Ch1.
698 2356 767 2387 Pat.
782 2366 866 2395 2373
883 2362 915 2387 et
934 2354 1061 2386 BaSII.:
1084 2354 1183 2396 χέρας
1202 2355 1227 2385 L
1240 2355 1266 2385 P
1359 2355 1401 2393 85
1426 2353 1488 2393 ὅδ]

163 2399 227 2429 οὐδ’
244 2398 274 2427 V
358 2400 474 2431 αἶνείας
493 2399 517 2428 L
531 2399 555 2429 P
639 2402 740 2441 σποδῇ
760 2399 785 2429 Ρ
901 2400 985 2430 86”
968 2413 1047 2440 εχον
1064 2399 1090 2429 L
1104 2399 1149 2430 P:
1175 2408 1259 2429 corr.
1274 2403 1300 2438 j>
1383 2397 1490 2437 φίλοις

164 2441 265 2482 ἔχων]
282 2446 355 2475 ἴσως
375 2443 460 2482 ἔχων
478 2442 556 2472 Chr.
578 2442 648 2472 Pat.
671 2452 773 2480 1135:
799 2443 884 2482 ἔχων
899 2446 974 2474 ἴσως
992 2443 1078 2473 idem
1095 2452 1139 2482 99
1279 2442 1322 2480 89
1344 2440 1487 2481 (νυκτ)η-

162 2498 328 2524 ’γορευουσι
348 2486 427 2516 Pan.
448 2486 507 2515 sed
526 2486 646 2515 litteris
664 2499 697 2516 ου
716 2486 896 2525 expunctis
