1658 2740
600 122 948 159 ΕΥΡΙΠΙΔΟΥ

209 229 252 267 ἐκ
277 227 519 277 δυσσεβείας
544 227 659 266 ὅσιον
684 227 717 266 εἰ
742 226 876 275 τίθημί
898 242 968 266 νιν.

276 293 386 332 αὐτοὶ
410 295 481 343 μὲν
507 294 575 333 οὖν
601 293 691 332 ὁδόν
716 291 788 332 τιν’
815 290 1073 343 ἐξευρίσκετε,

212 360 289 411 ἐγὼ
315 359 347 399 δ’
374 359 574 399 ἀποστᾶσ’
602 359 779 399 ἐκποδὼν
805 357 1035 411 σιγήσομαι.

211 427 253 465 ἐκ
277 429 355 466 τῶν
381 429 480 466 θεῶν
508 425 540 465 δ’
567 425 742 478 ἄρχεσθε
766 426 990 478 χὶκετεύετε

210 492 281 542 τὴν
306 492 378 543 μέν
404 491 443 531 σ’
471 494 587 532 ἐᾶσαι
611 492 780 543 πατρίδα
804 494 999 542 νοστῆσαι
1026 491 1190 543 Κύπριν,
1355 505 1435 535 1025

202 557 335 610 “Hyas=
360 562 401 599 δὲ
424 559 495 608 τὴν
521 559 675 598 ἔννοιαν
700 560 742 598 ἐν
766 557 891 612 ταύτῷ
916 557 1049 608 μένειν

209 624 258 675 ἣν
284 627 324 667 ἐς
348 627 395 666 σὲ
421 625 482 664 καὶ
508 625 581 665 σὸν
608 626 729 665 πόσιν
754 624 838 678 ἔχει
864 626 1070 676 σωτηρίας.

281 691 330 731 σὺ
355 691 400 737 δ’,
428 689 456 730 ὦ
485 692 612 732 θανών
636 708 703 742 μοι
728 690 863 743 πάτερ,
892 692 990 731 ὅσον
1015 690 1051 743 γ’
1077 691 1155 742 ἐγὼ
1182 689 1323 736 σθένω,

211 759 352 799 οὔποτε
379 757 553 813 κεκλήσῃ
580 757 784 808 δυσσεβὴς
808 757 890 797 ἀντ’
918 758 1122 808 εὐσεβοῦς.

110 827 182 863 Χο.
212 825 337 867 οὐδείς
362 824 448 865 ποτ’
475 824 693 876 εὐτύχησεν
718 823 869 866 ἔκδικος
893 824 1031 876 γεγώς,
1353 835 1438 866 1030

211 893 252 931 ἐν
276 895 328 946 τῷ
355 892 486 944 δικαίῳ
513 889 545 930 δ’
571 890 730 932 ἐλπίδες
756 892 964 942 σωτηρίας.

113 961 185 997 Ελ.
213 957 409 1004 Μενέλαε,
437 957 534 1009 πρὸς
558 959 630 1008 μὲν
655 956 849 1009 παρθένου
877 955 1127 1012 σεσῴσμεθα·

210 1024 417 1065 τούνθένδε
442 1024 488 1074 δὴ
516 1027 563 1065 σὲ
587 1024 676 1066 τοὺς
701 1025 846 1076 λόγους
872 1023 1047 1076 φέροντα
1069 1023 1146 1077 χρὴ

213 1091 345 1141 κοινὴν
370 1089 580 1141 ξυνάπτειν
604 1090 788 1144 μηχανὴν
814 1091 1020 1143 σωτηρίας.

112 1161 189 1198 Me.
210 1157 325 1198 ἄκουε
350 1157 395 1208 δή
421 1174 502 1198 νυν·
540 1157 699 1210 χρόνιος
724 1157 762 1198 εἶ
783 1158 880 1196 κατὰ
905 1156 1050 1209 στέγας
1357 1168 1438 1198 1035

213 1224 275 1264 καὶ
300 1224 574 1276 συντέθραψαι
599 1224 869 1275 προσπόλοισι
893 1222 1110 1274 βασιλέως.

114 1295 185 1331 Ελ.
212 1292 252 1332 τί
273 1291 376 1332 τοῦτ’
402 1290 559 1341 ἕλεξας;
599 1290 786 1343 ἐσφέρεις
810 1291 884 1343 γὰρ
910 1291 1072 1331 ἐλπίδας

212 1357 263 1400 ὡς
288 1357 332 1408 δή
359 1375 395 1398 τι
419 1357 578 1410 δράσων
602 1357 779 1410 χρηστὸν
803 1359 842 1398 ἐς
868 1358 998 1398 κοινόν
1022 1374 1067 1409 γε
1091 1357 1181 1411 νῷν.

114 1428 190 1465 Me.
212 1425 390 1466 πείσειας
415 1424 462 1465 ἄν
486 1424 558 1464 τιν’
585 1425 726 1466 οἵτινες
750 1424 995 1476 τετραζύγων

211 1493 317 1544 ὄχων
342 1491 577 1537 ἀνάσσουσ’,
606 1491 710 1531 ὥστε
736 1491 814 1545 νῷν
840 1493 972 1530 δοῦναι
997 1492 1178 1542 δίφρους;
1353 1502 1440 1532 1040

115 1561 188 1597 Ελ.
214 1558 390 1609 πείσαιμ’
417 1554 512 1610 <ἔιν>·
551 1559 658 1597 ἀλλὰ
683 1559 770 1597 τίνα
795 1556 926 1609 φυγὴν
952 1555 1199 1609 φευξούμεθα

213 1625 355 1665 πεδίων
381 1624 533 1677 ἄπειροι
562 1623 772 1675 βαρβάρου
796 1623 829 1662 τ’
855 1625 963 1664 ὄντες
987 1623 1150 1675 χθονός;

117 1694 191 1731 Με.
215 1691 405 1731 ἀδύνατον
434 1692 556 1732 εἶπας.
630 1690 741 1742 φέρε,
768 1691 808 1729 τί
831 1689 876 1735 δ’,
905 1691 937 1730 εἰ
963 1689 1148 1741 κρυφθεὶς
1173 1690 1307 1739 δόμοις

215 1758 386 1808 κτάνοιμ’
411 1758 560 1797 ἄνακτα
584 1759 678 1811 τῷδε
705 1757 875 1811 διστόμῳ
902 1756 1029 1808 &cheu

118 1827 190 1863 Ελ.
217 1823 283 1863 οὐκ
308 1824 355 1864 ἄν
380 1824 418 1863 σ’
444 1823 651 1876 ἀνάσχοιτ’
676 1824 766 1864 οὐδὲ
791 1822 995 1875 σιγήσειεν
1021 1822 1068 1862 ἃν
1354 1834 1439 1865 1045

212 1890 398 1940 μέλλοντ’
425 1890 581 1943 ἀδελφὴ
609 1890 807 1942 σύγγονον
834 1892 1093 1930 κατακτενεῖν.

116 1960 192 1996 Me.
212 1957 302 1997 ἀλλ’
327 1957 415 1998 οὐδὲ
437 1957 515 2008 μὴν
540 1961 632 1999 ναῦς
659 1957 771 1997 ἔστιν
796 1955 820 2013 ᾗ
849 1958 1045 2006 σωθεῖμεν
1070 1955 1118 1995 ἂν

215 2025 442 2077 φεύγοντες·
482 2023 530 2075 ἣν
555 2027 630 2077 γὰρ
656 2027 814 2077 εἴχομεν
840 2022 1014 2063 θάλασσ’
1040 2022 1135 2075 ἔχει.

160 2128 237 2149 1021
265 2121 301 2151 ἐκ
332 2120 524 2158 δυσσεβείας
548 2144 555 2151 .
585 2143 592 2150 .
623 2143 628 2149 .
653 2132 700 2151 νιν
717 2118 899 2148 Brodeau:
931 2118 964 2157 ἐξ
997 2115 1163 2152 εὐσεβείας
1187 2137 1193 2144 .
1223 2137 1230 2145 .
1258 2137 1266 2145 .
1294 2115 1348 2145 νῦν
1376 2112 1441 2143 LP

117 2172 198 2192 1022
216 2163 290 2194 ὁδόν
306 2165 366 2195 τιν’
383 2165 582 2205 ἐξευρίσκετε
601 2162 718 2193 Nauck
735 2173 741 2191 z
759 2163 819 2199 τὴν
831 2159 938 2201 ἔξοδόν
954 2158 986 2200 ’γ’
999 2160 1163 2200 εὑρίσκετε
1177 2157 1202 2187 L
1215 2157 1241 2187 Ρ
1256 2169 1263 2187 2
1284 2155 1440 2198 εὑρίσκετ’

115 2206 219 2246 ἔξοδόν
235 2220 307 2239 τινα
325 2207 499 2238 Hermann
592 2216 671 2243 1024
697 2207 746 2236 καὶ
763 2204 924 2236 ἱκετεύετε
944 2203 970 2232 L
1073 2203 1154 2232 1026
1179 2203 1302 2232 εὔνοιαν
1319 2205 1354 2230 ut
1370 2200 1435 2230 vid.

116 2249 141 2279 P
157 2261 164 2279 :
188 2261 272 2281 corr.
287 2257 312 2291 p
426 2261 508 2289 1033
533 2249 759 2292 προσφέροντα
775 2248 840 2288 χρὴ
857 2247 976 2287 λόγους
993 2246 1107 2276 Vitelli
1222 2253 1303 2282 1035
1329 2244 1367 2281 δὴ
1385 2245 1440 2275 νῦν

116 2293 141 2323 L
154 2293 180 2323 P
316 2306 393 2332 1041
421 2296 458 2326 ἂν
475 2294 552 2324 add.
571 2294 699 2324 Cantor
838 2300 920 2328 1042
945 2290 1036 2322 ὄντος
1056 2290 1082 2320 Ρ
1215 2298 1297 2326 1043
1322 2291 1438 2317 notam

116 2338 258 2369 Menelai
284 2343 358 2377 post
379 2337 534 2369 ἀδύνατον
559 2337 647 2368 εἶπας
668 2335 793 2365 habent
818 2334 843 2364 L
858 2333 893 2373 P,
915 2338 994 2363 ante
1017 2343 1152 2363 versum
1175 2332 1246 2362 trai.
1273 2330 1438 2361 Matthiae

118 2392 197 2421 1045
217 2384 254 2414 ἅν
272 2381 301 2414 ο·’
319 2382 440 2411 Portus
457 2392 463 2410 :
488 2382 525 2412 ἂν
544 2380 569 2409 L
583 2379 608 2409 P
712 2378 794 2416 1046
818 2379 1030 2409 κατακτανεῖν
1048 2376 1073 2406 L
1087 2376 1113 2406 P
1129 2387 1135 2406 ε
1160 2385 1245 2405 corr.
1268 2373 1420 2405 Dindorf
