1658 2740
609 106 959 144 ΕΥΡΙΠΙΔΟΥ

287 207 377 247 ἀλλ’
403 209 494 248 ἐλθὲ
521 209 582 249 καὶ
605 207 805 261 μετάσχες
831 209 982 250 ἱκεσίας
1007 209 1153 261 φίλοις,

221 279 274 329 σῇ
298 274 416 326 μητρὶ
439 278 727 326 προσπεσοῦσα
751 280 798 331 τῇ
822 273 909 326 μέγ’
935 276 1069 328 ὀλβίᾳ,

222 339 432 381 Μενέλαον
457 341 558 392 ἡμᾶς
582 341 635 392 μὴ
662 342 852 383 θανόντας
878 342 1054 382 εἰσιδεῖν.

285 406 388 453 ἀλλ’,
416 406 445 447 ὦ
471 412 670 460 τραφεῖσα
693 408 837 460 μητρὸς
863 409 904 448 ἐν
928 412 1064 460 χεροῖν
1089 409 1196 458 ε’μῆς,
1360 421 1444 451 1340

219 474 389 525 οἴκτιρον
411 474 512 524 ἡμᾶς
538 475 830 527 κάπικούφισον
855 477 995 515 κακῶν.

219 539 270 578 ἴθ’
296 541 350 581 εἷς
376 541 509 592 ἀγῶνα
533 540 648 593 δεῦρ’,
676 542 753 594 ἐγὼ
779 541 811 582 δ’
837 539 1049 593 ἡγήσομαι·

221 607 416 658 σωτηρίας
439 608 514 659 γὰρ
539 606 647 659 τέρμ’
671 608 779 661 ἔχεις
801 607 896 658 ἡμῖν
919 608 1033 658 μόνη.

121 674 189 722 Ερ.
222 672 317 719 ἰδού,
343 673 469 712 διώκω
493 673 561 713 τὸν
588 673 682 724 ἐμὸν
707 676 747 716 ἐς
773 674 913 725 δόμους
937 675 1051 714 πόδα.

221 738 369 789 σώθηθ’
395 740 493 780 ὅσον
516 756 564 791 γε
587 739 697 781 τούπ’
724 739 805 791 ἐμέ.

820 809 899 846 Ηλ.
927 805 956 846 ὦ
983 807 1080 846 κατὰ
1106 805 1252 860 στέγας
1364 819 1445 850 1345

221 873 335 924 φίλοι
360 871 552 925 ξιφήρεις,
579 872 670 927 οὐχὶ
695 872 953 925 συλλήψεσθ’
978 872 1123 926 ἄγραν;

121 941 191 990 Ερ.
222 938 259 979 οἳ
285 939 376 991 ἐγώ·
413 941 521 983 τίνας
544 938 678 980 τούσδ’
703 941 867 992 εἶσορῶ,·

876 1009 948 1058 Ορ.
975 1009 1096 1059 σιγᾶν
1119 1006 1261 1061 χρεών·

219 1073 312 1123 ἡμῖν
338 1074 413 1124 γὰρ
438 1073 557 1123 ἥκεις,
585 1072 675 1126 οὐχὶ
703 1074 780 1120 σοί,
809 1074 996 1125 σωτηρία.

122 1141 201 1179 HA.
223 1138 358 1191 ἔχεσθ’
385 1139 542 1192 ἔχεσθε·
582 1139 796 1192 φάσγανον
822 1142 863 1180 δὲ
888 1139 984 1191 πρὸς
1008 1139 1100 1196 δέρῃ

220 1204 445 1256 βάλλοντες
468 1205 694 1259 ἡσυχάζεθ’,
723 1206 774 1248 ὡς
800 1206 880 1262 εἰδῇ
906 1206 997 1246 τόδε
1364 1217 1448 1249 1350

220 1272 440 1318 Μενέλαος,
469 1271 594 1312 οὕνεκ’
620 1272 775 1324 ἄνδρας,
803 1273 847 1313 οὐ
873 1272 1032 1324 Φρύγας
1058 1272 1211 1319 κακούς,

221 1340 342 1391 εὑρὼν
367 1336 534 1391 ἔπραξεν
559 1340 622 1379 οἶα
646 1338 722 1392 χρὴ
747 1338 947 1391 πράσσειν
973 1339 1124 1381 κακούς.

119 1475 267 1512 X0.-
418 1473 462 1512 ἰὼ
489 1473 533 1513 ἰὼ
560 1474 690 1525 φίλαι,
1343 1467 1447 1524 [στρ.

417 1539 563 1580 κτύπον
589 1540 773 1591 ἐγείρετε,
802 1540 948 1581 κτύπον
973 1539 1035 1580 καὶ
1060 1540 1165 1590 βοὰν

418 1605 493 1658 πρὸ
516 1605 739 1658 μελάθρων,
767 1607 873 1648 ὅπως
899 1608 919 1646 ὁ
945 1606 1137 1660 πραχθεὶς
1162 1605 1285 1657 φόνος

284 1671 335 1722 μὴ
362 1671 488 1712 δεινὸν
514 1667 757 1724 Ἀργείὸιο-ιν
783 1672 943 1729 ἐμβάλῃ
970 1674 1117 1726 φόβον,
1365 1683 1447 1716 1355

284 1742 560 1790 βοηδρομῆσαι
585 1739 681 1791 πρὸς
708 1741 850 1791 δόμους
874 1738 1140 1792 τυραννικούς,

419 1806 510 1857 πρὶν
537 1807 683 1856 ἐτύμως
711 1809 778 1847 ἴδω
804 1806 873 1847 τὸν
897 1806 1067 1848 Ἑλένας
1092 1805 1218 1857 φόνον

419 1872 683 1923 καθαιμακτὸν
707 1875 749 1914 ἐν
775 1874 910 1924 δόμοις
936 1875 1128 1924 κείμενον,

284 1935 307 1989 ἢ
335 1938 398 1979 καὶ
421 1940 544 1991 λόγον
569 1956 638 1980 του
664 1941 909 1992 προσπόλων
935 1941 1157 1992 πυθώμεθα·

166 2041 244 2070 1337
268 2032 319 2063 καὶ
336 2043 401 2062 om.
420 2032 446 2062 L
540 2043 621 2072 1341
649 2034 888 2075 κάποκούφισον
904 2033 928 2063 F
1020 2043 1102 2072 1342
1128 2033 1192 2073 ἐγὼ
1210 2032 1402 2073 διηγήσομαι
1415 2030 1447 2061 Α

122 2084 202 2113 1345
226 2089 265 2115 ’γε
283 2086 346 2106 om-
367 2075 398 2105 A
512 2077 583 2117 ἐμέ]
602 2078 649 2117 ἔμ’
667 2078 868 2108 Triclinius:
898 2078 965 2116 ἐμοὶ
983 2077 1081 2108 codd.
1234 2077 1317 2115 1346
1341 2073 1445 2116 φίλοι]

120 2119 227 2159 ἄνδρες
245 2118 271 2148 F
427 2130 508 2159 1347
533 2122 562 2152 οἳ
582 2144 586 2151 .
607 2146 613 2152 .
636 2146 642 2152 .
665 2123 778 2162 εἰσορῶ
798 2132 862 2151 orn.
885 2120 937 2151 M:
959 2121 1035 2152 add.
1055 2120 1090 2150 in
1108 2119 1260 2158 margine
1372 2117 1445 2159 Ορ.]

120 2166 179 2193 HA.
200 2162 394 2193 Lachmann
537 2166 618 2204 1348
642 2165 728 2202 ἥκεις
745 2174 808 2195 orn.
832 2164 886 2195 M:
906 2165 982 2195 add.
1004 2163 1053 2194 M2
1201 2173 1284 2202 1349
1308 2161 1403 2202 δέρην
1420 2160 1448 2191 Ρ

122 2213 204 2243 1350
228 2207 411 2242 βάλλοντες
431 2208 463 2238 M
478 2208 503 2237 L
520 2220 527 2239 ε
552 2207 714 2245 βαλόντες
731 2207 800 2238 ΑΒ
815 2208 841 2238 Ρ
947 2217 1030 2247 1352
1054 2208 1088 2237 in
1105 2211 1201 2238 textu
1218 2216 1296 2245 orn„-
1315 2205 1391 2236 add.
1411 2204 1446 2235 in

119 2249 271 2287 margine
296 2250 458 2281 inferiore
482 2251 513 2281 A
664 2261 746 2290 1353
777 2257 833 2283 Χο,
859 2255 974 2282 notam
998 2250 1045 2286 M,
1072 2260 1163 2282 nunc
1191 2259 1343 2280 erasam:
1375 2258 1442 2280 om.

119 2290 189 2321 AB
202 2292 228 2322 L
241 2293 284 2324 P:
310 2295 387 2324 vide
404 2295 446 2324 ad
466 2296 548 2333 1361
712 2304 794 2334 1355
824 2295 985 2334 ἐμβάλλει
1004 2295 1037 2324 Μ
1204 2294 1286 2332 1356
1312 2290 1442 2331 δόμους]

120 2337 220 2367 οἴκους
238 2336 269 2366 Α
281 2337 307 2366 L
416 2348 498 2377 1359
526 2338 636 2378 λόγων
653 2337 679 2368 Ρ
768 2338 842 2379 του]
867 2341 925 2370 τοῦ
946 2338 971 2368 L
983 2338 1009 2368 P
1027 2343 1060 2369 et
1076 2340 1133 2370 τοῦ
1151 2342 1230 2368 ante
1247 2347 1276 2367 v.
1295 2335 1396 2366 habet
1412 2333 1444 2364 A

120 2378 278 2417 πυθόμεθα
295 2380 326 2409 Μ
345 2393 349 2411 ;
377 2391 462 2411 corr.
485 2381 533 2411 Μ2
