1658 2740
722 117 1068 154 ΕΥΡΙΠΙΔΟΥ

331 219 484 265 ταύτας,
514 219 720 260 κτανόντες
747 219 958 269 δεσπότην,
987 219 1176 270 κομίζετε,

334 285 550 326 κάλλιστον
577 286 696 327 οἴκοις
723 289 885 326 σκῦλον·
926 285 970 326 οὗ
994 287 1068 338 γὰρ
1094 284 1178 326 ἔσθ’
1203 285 1302 326 ὅπου
1488 289 1552 322 620

333 351 476 392 τοιόνδ’
502 353 634 405 ὄχημα
661 352 770 406 χθὼν
798 351 953 393 κέκευθε
977 352 1166 392 πωλικόν,

234 420 304 458 Οδ.
333 418 539 468 Διόμηδες,
567 415 590 468 ἢ
618 418 668 458 σὺ
696 422 822 459 κτεῖνε
850 416 1027 474 Θρῄκιον
1050 418 1166 463 λεών,

332 481 452 535 ἢ’μοὶ
477 483 597 536 πάρες
623 501 680 536 γε,
710 485 776 525 σοὶ
803 487 843 525 δὲ
867 484 942 537 χρὴ
969 485 1126 526 πώλους
1148 483 1297 535 μέλειν.

237 555 299 590 Δι.
332 552 409 602 ἐγὼ
435 551 632 602 φονεύσω,
662 550 989 601 πωλοδαμνήσεις
1014 553 1055 591 δὲ
1081 551 1143 590 σύ·

333 618 481 668 τρίβων
507 619 580 668 γὰρ
607 617 644 657 εἷ
667 619 714 657 τὰ
740 619 878 669 κομψὰ
905 619 966 658 καὶ
993 621 1097 658 νοεῖν
1123 617 1265 668 σοφός.
1491 620 1554 659 625

334 683 409 736 χρὴ
436 683 467 722 δ’
493 683 614 734 ἄνδρα
640 681 808 724 τάσσειν
837 684 880 723 οὗ
904 682 1065 734 μάλιστ’
1093 684 1140 724 ἂν
1166 684 1330 735 ὠφελοῖ.

237 751 308 789 AO.
335 751 396 789 καὶ
421 749 498 799 μὴν
525 749 606 789 καθ’
635 750 736 800 ἡμᾶς
764 749 868 790 τόνδ’
894 747 1158 801 Ἀλέξανδρον
1183 749 1324 800 βλέπω

337 817 563 869 στείχοντα,
592 815 783 868 φυλάκων
811 817 853 857 ἔκ
879 833 983 858 τινος
1008 815 1262 867 πεπυσμένον

337 880 452 932 δόξας
478 881 653 933 ἀσήμους
678 883 883 933 πολεμίων
907 883 1219 934 μεμβλωκότων.

239 953 304 988 Δι.
335 949 480 1000 πότερα
505 949 578 989 σὺν
603 948 742 991 ἄλλοις
769 946 792 999 ἢ
817 950 936 1000 μόνος
959 948 1184 1001 πορεύεται;
1494 951 1559 990 ⁶30

240 1018 310 1055 Αθ.
335 1015 467 1065 μόνος·
504 1015 601 1067 πρὸς
627 1015 740 1058 εὐνᾶς
766 1015 810 1062 δ’,
840 1016 892 1058 ὡς
916 1016 1053 1062 ἔοικεν,
1072 1014 1266 1067 θΈκτορος

338 1084 470 1134 χωρεῖ,
499 1082 693 1124 κατόπτας
720 1085 907 1133 σημανῶν
930 1082 1039 1132 ἥκειν
1065 1085 1247 1134 στρατοῦ.

241 1153 304 1188 Δι.
331 1147 399 1187 οὐκ
423 1147 490 1188 οὗν
515 1147 707 1202 ὑπάρχειν
736 1149 850 1189 τόνδε
876 1148 1118 1189 κατθανόντα
1141 1147 1238 1201 χρή;

240 1216 310 1254 AO.
338 1213 406 1254 οὐκ
431 1214 478 1255 ἂν
503 1214 636 1254 δύναιο
660 1218 728 1254 τοῦ
755 1213 1012 1266 πεπρωμένου
1036 1213 1171 1255 πλέον.

338 1284 475 1321 τοῦτον
500 1282 542 1321 δὲ
568 1280 663 1333 πρὸς
690 1282 764 1331 σῆς
790 1280 921 1333 χειρὸς
947 1280 990 1320 οὐ
1018 1279 1127 1331 θέμις
1152 1282 1298 1321 θανεῖν.
1496 1281 1561 1321 635

340 1347 430 1388 ἀλλ’
455 1345 554 1402 ᾧπερ
578 1347 684 1398 ἥκεις
709 1348 925 1400 μορσίμους
950 1345 1082 1399 φέρων
1108 1345 1281 1399 σφαγάς,

339 1413 490 1467 τάχυν’·
527 1414 605 1466 ἐγὼ
631 1413 685 1460 δέ,
713 1417 812 1469 τῷδε
837 1413 1044 1466 σύμμαχος
1070 1412 1219 1465 Κύπρις

339 1480 496 1521 δοκοῦσ’
523 1481 675 1533 ἀρωγὸς
700 1482 742 1521 ἐν
769 1480 906 1522 πόνοις
930 1483 1211 1531 παραστατεῖν,

341 1550 505 1599 σαθροῖς
527 1547 714 1599 λόγοισιν
740 1546 884 1599 ἐχθρὸν
909 1545 1016 1597 ἄνδρ’
1042 1547 1273 1597 ἀμείψομαι.

341 1614 402 1653 καὶ
427 1612 532 1654 ταῦτ’
557 1614 635 1665 ἐγὼ
660 1614 732 1664 μὲν
759 1611 885 1654 εἶπον·
925 1611 970 1652 δν
995 1614 1036 1652 δὲ
1060 1611 1137 1665 χρὴ
1162 1614 1316 1656 παθεῖν,
1498 1610 1565 1653 640

345 1681 414 1721 οὐκ
435 1681 540 1721 οἶδεν
567 1679 646 1720 οὐδ’
672 1679 843 1731 ἤκουσεν
868 1678 986 1731 ἐγγὺς
1013 1677 1066 1719 ὢν
1092 1678 1227 1731 λόγου.

242 1764 587 1796 ΑΛΕΞΑΝΔΡΟΣ

342 1826 389 1864 σὲ
414 1824 482 1865 τὸν
509 1824 732 1877 στρατηγὸν
758 1824 821 1865 καὶ
848 1824 1088 1877 κασίγνητον
1112 1821 1232 1875 λέγω,

334 1889 495 1943 “Em-op,
523 1891 742 1939 καθεύδεις,·
781 1891 850 1931 οὐκ
877 1891 1104 1944 ἐγείρεσθαί
1126 1906 1175 1930 σε
1197 1889 1317 1942 χρῆν;

343 1958 496 2010 ἐχθρῶν
521 1975 579 2000 τις
603 1958 697 2009 ἡμῖν
723 1959 962 2012 χρίμπτεται
988 1956 1265 2009 στρατεύματι,

286 2049 348 2088 619
372 2049 546 2082 κτανόντες
565 2050 590 2080 L
603 2049 628 2079 P
640 2050 699 2091 (V)
715 2062 720 2081 :
748 2049 905 2082 κτανόντε
923 2050 954 2081 Ο
1043 2051 1104 2080 621
1123 2047 1298 2090 τρωικόνΟ
1386 2046 1450 2084 623
1471 2043 1565 2084 πάρες

241 2105 280 2133 ’γε
299 2092 325 2122 L
337 2092 363 2122 P
375 2092 423 2123 O:
450 2092 570 2134 πάρεχε
586 2093 645 2134 (V)
661 2108 668 2126 ε
694 2093 858 2135 παράσχες
877 2093 1004 2124 Reiske
1089 2093 1214 2124 πώλους
1228 2091 1258 2122 O
1271 2090 1329 2131 (V)
1345 2101 1352 2120 τ
1375 2091 1488 2120 πώλων
1502 2087 1528 2116 L
1541 2086 1567 2116 Ρ

241 2137 304 2174 624
332 2136 586 2174 πωλοδάμνησον
611 2137 725 2167 Naber
868 2137 933 2176 630
961 2137 1019 2168 σὺν
1044 2136 1073 2167 O
1088 2136 1146 2174 (Vn
1168 2140 1192 2175 p
1216 2136 1249 2165 in
1275 2142 1407 2164 rasura:
1440 2132 1516 2172 πρὸς
1540 2130 1567 2159 L

242 2180 303 2217 631
331 2179 358 2210 δ’
377 2179 447 2209 VO
463 2190 471 2209 ε
494 2190 558 2210 orn.
578 2180 604 2210 L
617 2180 643 2210 P
759 2181 822 2219 635
847 2181 954 2222 χειρὸς
971 2182 1007 2211 οὐ
1027 2179 1112 2218 θέμις
1126 2178 1199 2209 VO
1216 2190 1223 2208 :
1246 2179 1281 2209 οὐ
1295 2175 1381 2216 θέμις
1394 2175 1487 2216 χερὸς
1501 2172 1527 2202 L
1540 2172 1567 2202 P

243 2224 348 2253 θανεῖν
367 2222 441 2262 (sed
459 2226 563 2255 θανεῖν
582 2223 668 2263 θέμις
684 2224 727 2254 ob
744 2229 932 2262 accentum,
951 2228 986 2253 ut
1003 2223 1103 2262 solet>
1125 2222 1154 2253 O
1175 2226 1208 2251 et
1224 2222 1259 2251 in
1279 2229 1383 2258 marg.
1404 2218 1430 2248 L
1447 2225 1566 2247 manus

244 2266 498 2297 recentissima:
545 2270 674 2299 κτανεῖν
703 2266 822 2297 VLP
1017 2267 1082 2305 636
1121 2264 1204 2306 ᾧπερ
1237 2269 1279 2305 p:
1323 2263 1428 2303 ὥσπερ
1467 2259 1563 2290 codd-

243 2309 308 2346 640
340 2310 431 2341 ταῦτ’
456 2310 485 2340 V
497 2309 581 2349 op:
614 2309 703 2342 τοῦτ’
722 2310 749 2340 L
763 2309 790 2340 P
948 2311 1012 2348 642
1038 2308 1243 2349 Ἀλέξανδρος
1259 2305 1329 2337 VO
1345 2317 1352 2336 ε
1381 2304 1471 2346 πάρις
1489 2302 1515 2332 L
1528 2301 1563 2339 P,

245 2351 346 2424 {icpet
359 2353 423 2391 663
526 2355 589 2392 643
615 2353 715 2395 ἕκτωρ
730 2353 777 2385 P:
797 2362 885 2384 corr.
899 2358 924 2393 p
997 2351 1027 2384 α’
1043 2354 1142 2393 ἐχρῆν
1156 2351 1186 2382 O
1204 2362 1210 2381 :
1235 2349 1266 2382 α’
1281 2349 1361 2391 ἐχρή
1375 2348 1426 2378 V:
1451 2359 1489 2378 σε
1501 2344 1564 2386 χρή
