1658 2740
650 86 1000 127 ΕΥΡΙΠΙΔΟΥ

261 192 430 246 αἰσχρὸν
455 192 542 245 γάρ·
583 195 619 234 οἱ
643 195 714 244 μὲν
741 193 955 246 θεσφάτων
980 195 1181 248 ἐλεύθεροι

261 260 352 299 κούκ
378 261 432 301 εἰς
459 259 634 312 ἀνάγκην
660 261 855 312 δαιμόνων
881 260 1095 313 ἀφιγμένοι
1403 277 1484 299 1000

260 326 425 367 στάντες
450 326 539 378 παρ’
566 327 702 367 ἀσπίδ’
729 328 797 367 οὐκ
824 326 1065 377 ὀκνήσουσιν
1093 331 1239 375 θανεῖν,

259 394 417 445 πύργων
444 392 607 444 πάροιθε
631 394 852 447 μαχόμενοι
877 392 1028 445 πάτρας
1052 396 1162 447 ὕπερ·

255 460 332 510 ἐγὼ
359 459 413 505 δέ,
441 459 591 512 πατέρα
617 460 679 500 καὶ
707 461 948 512 κασίγνητον
974 462 1141 513 προδοὺς

258 527 376 565 πόλιν
400 525 434 565 τ’
461 528 641 576 ἐμαυτοῦ,
670 526 799 569 δειλὸς
825 527 874 568 ὣς
901 525 975 576 ἔξω
1001 530 1146 581 χθονὸς

257 592 402 642 ἄπειμ’·
441 594 538 633 ὅπου
563 592 596 632 δ’
621 592 669 634 ἂν
697 594 758 643 ζῶ,
787 594 903 635 κακὸς
930 593 1175 646 φανήσομαι.
1398 609 1484 641 1005

315 661 370 710 μὰ
393 658 463 699 τὸν
487 659 571 710 μετ’
597 658 754 711 ἄστρων
781 659 875 710 Ζῆν’
896 659 997 712 ’Ἄρη
1023 678 1065 701 τε
1091 662 1260 713 φοίνιον,

257 725 299 767 ὃς
322 724 413 767 τοὺς
436 726 744 777 ὑπερτείλαντας
770 727 812 766 ἐκ
839 727 953 777 γαίας
978 729 1073 767 ποτὲ

256 791 462 843 Σπαρτοὺς
488 791 658 834 ἄνακτας
683 794 804 842 τῆσδε
831 794 903 844 γῆς
928 793 1125 844 ἱδρύσατο.

257 858 349 898 ἀλλ’
377 859 454 909 εῖμι
483 859 547 898 καὶ
574 860 671 900 στας
698 857 744 908 ἐξ
767 858 973 909 ἐπάλξεων
999 858 1129 911 ἄκρων

256 923 416 977 σφάξας
442 924 609 975 ἐμαυτὸν
637 925 761 975 σηκὸν
789 926 827 966 ἐς
853 928 1091 976 μελαμβαθῆ
1404 942 1486 963 1010

254 991 479 1043 δράκοντος,
507 990 586 1032 ἕνθ’
613 992 633 1030 ὁ
660 990 798 1041 μάντις
824 991 1063 1043 ἐξηγήσατο,

255 1059 509 1109 ἐλευθερώσω
535 1061 664 1110 γαῖαν·
703 1059 852 1108 εἴρηται
879 1059 1012 1110 λόγος·

321 1126 470 1178 στείχω
496 1123 550 1170 δέ,
580 1123 747 1164 θανάτου
771 1127 896 1176 δῶρον
923 1125 992 1165 οὐκ
1018 1126 1190 1179 αἰσχρὸν
1217 1127 1333 1167 πόλει

253 1192 406 1238 δώσων,
435 1192 557 1231 νόσου
582 1194 624 1231 δὲ
648 1189 755 1241 τήνδ’
783 1190 1003 1242 ἀπαλλάξω
1029 1193 1166 1245 χθόνα.

254 1259 288 1297 εἰ
313 1259 387 1309 γὰρ
411 1258 554 1308 λαβὼν
579 1258 747 1299 ἕκαστος
771 1258 793 1297 ὅ
817 1274 855 1297 τι
880 1258 1041 1298 δύναιτό
1064 1275 1123 1301 τις
1403 1273 1484 1302 1015

253 1324 429 1376 χρηστὸν
454 1324 604 1364 διέλθοι
629 1327 746 1364 τοῦτο
771 1324 841 1366 κάς
867 1324 996 1365 κοινὸν
1021 1325 1138 1377 φέροι

254 1393 422 1443 πατρίδι,
451 1395 577 1431 κακῶν
602 1390 650 1431 ἂν
675 1393 714 1431 αἱ
740 1391 878 1432 πόλεις
905 1392 1142 1433 ἐλασσόνων

255 1458 491 1508 πειρώμεναι
516 1457 561 1497 τὸ
586 1456 729 1498 λοιπὸν
756 1457 958 1510 εὐτυχοῖεν
984 1457 1043 1499 ἄν.

154 1560 226 1597 Xo.
654 1556 752 1607 ἔβας
778 1557 890 1607 ἔβας,
1379 1552 1480 1611 [στρ.

521 1622 550 1663 ὦ
577 1627 817 1676 πτεροῦσσα,
845 1626 917 1675 γᾶς
944 1625 1123 1678 λόχευμα

586 1689 768 1742 νερτέρου
792 1689 826 1729 τ’
852 1689 1051 1744 Ἐχίδνας,
1401 1703 1484 1725 1020

522 1757 727 1806 Καδμείων
754 1756 925 1809 ἁρπαγά,

521 1822 775 1874 πολύφθορος
800 1822 1049 1864 πολύστονος

585 1888 906 1941 μειξοπάρθενος,

584 1954 695 1995 δάιον
719 1954 845 2007 τέρας,

585 2021 750 2074 φοιτάσι
774 2026 931 2074 πτεροῖς

197 2124 275 2144 1002
300 2114 420 2155 πάτρης
440 2114 466 2144 L
580 2123 660 2152 1005
685 2117 785 2146 κακῶς
804 2114 830 2144 P
945 2116 1027 2145 1006
1053 2115 1099 2145 οὔ·
1116 2116 1159 2151 μὰ
1175 2114 1206 2144 V
1306 2115 1364 2154 ἄρη
1383 2113 1414 2143 Μ
1428 2113 1455 2144 Β
1473 2125 1480 2144 1

150 2157 226 2195 ἄρηι]
242 2156 283 2186 132
295 2157 366 2187 rell.
461 2167 541 2195 1007
558 2158 652 2197 γαίης
664 2156 695 2186 Α
776 2167 858 2196 1009
877 2160 909 2198 ἐξ
923 2157 1039 2197 ἐπάλξε
1052 2157 1086 2187 in
1102 2157 1240 2187 rasura!
1320 2167 1402 2187 1010
1424 2170 1479 2195 με-

150 2201 306 2240 λαμβαφῆ
327 2200 394 2239 (vel
413 2201 624 2241 μελανβαφῆ)
647 2200 679 2230 Μ
695 2199 725 2228 Α
741 2200 766 2230 Ρ
873 2210 954 2238 1014
974 2199 1156 2240 ἀπαλλάξαι
1173 2200 1204 2229 A
1308 2202 1389 2230 1016
1412 2202 1478 2232 κεῖς

150 2243 245 2273 codd.
311 2253 360 2274 vv.
383 2253 478 2282 1017-
491 2253 572 2282 1043
598 2244 785 2282 fragmenta
796 2247 932 2274 exstant
950 2244 982 2273 in
996 2249 1022 2274 Π
1039 2254 1045 2273 :
1063 2243 1103 2274 cf.
1120 2254 1150 2273 v.
1170 2243 1250 2281 1064
1317 2244 1397 2273 1018
1422 2242 1477 2283 τὸ]

149 2286 198 2316 καὶ
217 2286 252 2316 τὸ
270 2284 300 2315 Α
404 2296 484 2325 1019
508 2289 692 2327 πτεροῦσσα
710 2286 736 2315 Β
752 2292 779 2318 Π
795 2298 801 2317 :
826 2289 987 2327 πτεροῦσα
1000 2287 1072 2317 rell.
1176 2296 1255 2317 1021
1283 2285 1411 2328 ἅρπαγα
1427 2291 1454 2317 Π
1471 2297 1478 2316 ;

149 2328 277 2370 ἁρπαγᾷ
298 2329 367 2361 rell.
392 2334 416 2363 Σ
576 2339 657 2360 1022
680 2337 861 2370 πολυφορος
881 2337 1084 2362 πολυστονος
1103 2335 1130 2361 Π
1149 2329 1250 2369 (sic):
1277 2329 1476 2361 πολύστονος

149 2371 351 2411 πολύμοχθος
370 2372 396 2402 P
541 2382 623 2410 1023
650 2372 874 2414 μιξοπάρθενος
901 2373 999 2404 codd.
1148 2382 1229 2411 1024
1256 2380 1406 2412 φοιτάσιν
1425 2377 1452 2403 Π
1470 2383 1477 2403 :

149 2417 278 2447 Φυιτῖἱσι
297 2416 394 2446 COdd.
