1622 2740
582 129 927 165 ΕΥΡΙΠΙΔΟΥ

188 234 336 273 ἁπλοῦν
362 234 404 273 δὲ
428 232 667 284 Τυνδάρειον
693 235 815 283 ὄνομα
841 232 1034 289 κλῄζεται.

190 300 482 350 Λακεδαίμονος
507 301 548 340 δὲ
573 303 666 352 γαῖα
690 300 748 342 τίς
773 298 994 351 ξυνώνυμος
1351 313 1413 345 495

183 366 330 417 Τροίας
354 382 416 413 τε,·
455 367 533 419 ἐγὼ
556 368 630 417 μὲν
654 366 722 406 οὐκ
747 366 825 420 ἔχω
851 368 891 407 τί
913 366 988 420 χρὴ
1014 365 1161 418 λέγειν.

185 432 331 473 πολλοὶ
356 431 444 485 γάρ,
472 433 523 475 ὡς
549 432 714 483 εἴξασιν,
741 434 784 473 ἐν
808 438 942 490 πολλῇ
966 433 1080 487 χθονὶ

185 499 358 549 ὀνόματα
382 498 489 538 ταῦτ’
516 499 655 552 ἔχουσι
680 500 742 540 καὶ
768 500 883 542 πόλις
907 500 1024 540 πόλει

185 565 281 616 γυνὴ
308 567 464 618 γυναικί
485 565 532 605 τ’·
569 567 681 606 οὐδὲν
707 566 774 606 οὖν
800 565 1062 617 θαυμαστέον.

185 631 262 671 οὐδ’
290 631 337 671 αῧ
361 631 406 671 τὸ
431 632 557 672 δεινὸν
583 633 816 684 προσπόλου
840 632 1100 684 φευξούμεθα·
1352 645 1417 675 500

185 698 282 749 ἀνὴρ
309 699 385 749 γὰρ
409 698 534 740 οὐδεὶς
558 699 633 738 ὧδε
658 698 864 750 βάρβαρος
891 699 1050 751 φρένας,

182 764 225 805 ὃς
251 764 360 814 ὄνομ’
384 764 557 805 ἀκούσας
582 765 727 815 τούμὸν
751 765 795 804 οὐ
823 766 941 805 δώσει
966 765 1106 818 βοράν.

185 830 341 870 κλεινὸν
366 830 410 869 τὸ
435 832 579 883 Τροίας
605 834 678 883 πῦρ
706 831 781 883 ἐγώ
809 831 842 870 θ’
868 831 909 872 ὒς
935 832 1022 884 ἧψά
1048 849 1121 876 νιν,

185 897 407 943 Μενέλαος,
434 897 501 937 οὐκ
527 897 734 950 ἄγνωστος
760 899 801 938 ἐν
827 898 937 954 πάσῃ
962 899 1091 951 χθονί.

183 964 313 1015 δόμων
339 964 489 1004 ἄνακτα
512 967 739 1016 προσμενῶ
777 966 922 1006 δισσέις
948 964 990 1004 δέ
1013 982 1081 1015 μοι
1353 977 1415 1008 505

183 1031 267 1083 ἔχει
294 1030 501 1082 φυλάξεις·
536 1027 586 1080 ἢν
609 1033 683 1081 μὲν
709 1030 906 1083 ὠμόφρων
930 1048 989 1073 τις
1013 1030 1046 1087 ᾖ,

183 1097 339 1149 κρύψας
365 1096 532 1147 ἐμαυτὸν
555 1096 633 1148 εἶμι
659 1098 755 1149 πρὸς
780 1098 958 1150 ναυάγια·

182 1160 229 1213 ἢν
256 1163 289 1203 δ’
316 1164 450 1218 ἐνδιδῷ
477 1180 516 1204 τι
537 1165 758 1215 μαλθακόν,
783 1166 831 1204 τὰ
857 1164 1070 1217 πρόσφορα

180 1232 252 1281 τῆς
275 1233 346 1272 νῦν
370 1230 574 1282 παρούσης
599 1233 806 1283 συμφορᾶς
831 1230 1056 1281 αἰτήσομαι.

184 1301 311 1338 κακῶν
335 1299 409 1349 μὲν
433 1297 527 1348 ἡμῖν
551 1297 727 1351 ἔσχατον
748 1301 832 1339 τοῖς
858 1298 1024 1343 ἀθλίοις,
1352 1308 1417 1339 510

183 1364 331 1406 ἄλλους
356 1362 569 1416 τυράννους
594 1364 712 1404 αὐτὸν
737 1365 832 1404 ὄντα
857 1363 1036 1415 βασιλέα

183 1432 278 1482 βίον
302 1434 550 1483 προσαιτεῖν·
582 1430 678 1472 ἀλλ’
702 1431 924 1483 ἀναγκαίως
949 1430 1047 1484 ἔχει.

181 1498 306 1550 λόγος
331 1497 407 1550 γάρ
433 1498 544 1538 ἐστιν
571 1497 639 1538 οὐκ
663 1498 771 1548 ε’μός,
803 1497 936 1550 σοφὸν
963 1497 995 1538 δ’
1021 1497 1128 1543 ἔπος,

181 1567 311 1615 δεινῆς
337 1563 510 1617 ἀνάγκης
535 1564 646 1605 οὐδὲν
673 1564 828 1618 ἰσχύειν
855 1563 991 1604 πλέον.

84 1656 144 1685 XO
156 1656 178 1684 P
187 1657 213 1684 O
222 1656 244 1684 Σ

250 1721 401 1773 ἤκουσα
425 1725 494 1765 τᾶς
518 1725 741 1777 θεσπιῳδοῦ
769 1722 896 1774 κόρας,
1349 1732 1414 1764 515

316 1789 340 1829 ἃ
364 1787 550 1845 χρῄζουσ’
576 1788 703 1841 ἐφάνη
730 1788 935 1840 τυράννοις

382 1856 527 1905 δόμοις,
556 1855 606 1897 ὡς
632 1854 839 1896 Μενέλαος
865 1856 925 1895 οὔ·

384 1938 444 1961 πω
465 1924 702 1974 μελαμφαὲς
729 1924 880 1974 οἴχεται

451 1987 500 2028 δι’
527 1988 668 2040 ἔρεβος
694 1988 810 2042 χθονὶ
837 1989 1037 2040 κρυφθείς,

125 2092 186 2121 494
205 2083 339 2114 διπλοῦν
351 2105 358 2113 .
376 2105 382 2112 .
401 2105 408 2112 .
424 2079 598 2123 κλῄζεται;
617 2080 734 2111 Nauck
825 2082 888 2120 496
905 2081 1017 2122 Τροίας
1033 2093 1070 2112 τε
1089 2079 1115 2110 L
1128 2079 1154 2109 P
1242 2079 1307 2118 498
1324 2077 1416 2111 ταῦτ’

84 2125 108 2155 L
122 2126 147 2155 P
268 2134 332 2163 504
357 2124 495 2155 seclusit
511 2124 621 2155 Cobet
742 2126 895 2163 505-506
919 2124 1032 2156 δισσὰς
1051 2148 1057 2154 .
1073 2147 1080 2154 .
1096 2147 1103 2154 .
1126 2123 1195 2163 ἔχει
1213 2122 1393 2162 Musgrave
1409 2134 1417 2154 τ

82 2169 151 2208 ἔχει
164 2192 171 2199 .
187 2192 193 2199 .
210 2192 216 2199 .
235 2169 348 2200 δισσὰς
369 2168 392 2198 L
406 2167 432 2198 P
521 2178 583 2206 507
611 2168 736 2209 κρύψων
755 2168 908 2198 Badharn
997 2176 1062 2205 509
1086 2169 1155 2199 ταῖς
1173 2168 1228 2199 νῦν
1243 2165 1415 2208 παρούσαις

82 2214 256 2252 συμφοραῖς
270 2211 417 2241 Reiske:
435 2213 476 2253 τῇ
491 2214 546 2243 νῦν
556 2211 699 2253 παρούσῃ
713 2214 861 2252 συμφορᾷ
873 2210 928 2252 σφ’
944 2210 1121 2241 Hermann
1211 2218 1275 2248 510
1288 2210 1416 2249 xaxbvp

81 2255 140 2294 μὲν
166 2254 291 2294 Paley:
326 2254 363 2286 δέ
386 2255 411 2285 θ’
438 2254 464 2284 L
489 2254 536 2284 P:
573 2254 599 2286 δ’
628 2253 670 2285 ἔθ’
699 2254 879 2293 Hartung:
918 2253 955 2286 δέ
971 2254 1005 2294 γ’
1028 2253 1178 2292 Lenting
1236 2252 1320 2293 τοῖς]
1346 2252 1415 2284 τόδ’

81 2297 311 2328 Wilamowitz
439 2306 503 2335 513
521 2298 624 2338 σοφὸν
642 2297 667 2326 L
682 2297 728 2327 P:
755 2300 864 2338 σοφῶν
881 2296 894 2326 ἶ
1025 2306 1085 2335 514
1111 2296 1237 2336 ἰσχύειν
1254 2295 1335 2325 lvel
1353 2295 1416 2325 L2:

82 2341 191 2382 ι’σχύει
217 2341 243 2370 L
257 2340 282 2370 P
373 2341 436 2379 516
461 2340 602 2381 χρήσασ’
630 2340 798 2371 Dindorf:
819 2339 966 2381 (ἄνασσ’>
984 2340 1002 2371 ἃ
1018 2339 1170 2382 χρῄζουσ’
1182 2338 1414 2369 Wilamowitz

84 2384 206 2426 ἐφάνην
223 2384 244 2424 l⁷
267 2384 357 2414 unde
376 2383 477 2424 ἐφάνη
495 2384 523 2415 ’ν
543 2383 694 2413 Badham
