1658 2740
650 118 971 156 ψοιΝιΣΣΑι
1424 133 1481 160 „s

249 221 409 276 σχάσον
433 224 476 262 δὲ
500 224 628 261 δεινον
654 223 759 271 ὄμμα
786 221 847 261 καὶ
874 223 994 271 θυμοῦ
1020 220 1154 262 πνοάς·

247 289 292 328 οὐ
315 289 390 341 γὰρ
415 287 460 327 τὸ
485 288 755 339 λαιμότμητον
781 287 940 340 εἰσορᾷς
965 286 1063 339 κάρα
1408 300 1474 332 455

250 355 457 407 Γοργόνος,
484 354 664 406 ἀδελφὸν
690 353 722 393 δ’
751 353 907 407 εἰσορᾷς
930 353 1076 404 ἥκοντα
1102 354 1188 395 σόν.

246 421 299 461 σύ
321 421 353 461 τ’
379 422 426 462 αὗ
451 422 667 473 πρόσωπον
693 420 790 473 πρὸς
817 421 1058 473 κασίγνητον
1084 420 1248 473 στρέφε,

248 488 500 530 Πολύνεικες·
538 489 578 530 ἐς
603 489 679 540 γὰρ
704 486 847 528 ταύτὸν
872 488 1049 538 ὄμμασιν
1073 487 1240 538 βλέπων

245 554 373 605 λέξεις
397 554 430 594 τ’
455 554 615 605 ἄμεινον
640 553 752 595 τοῦδέ
776 553 809 594 τ’
837 552 974 610 ἐνδέξῃ
1000 554 1155 606 λόγους.

244 620 480 674 παραινέσαι
505 623 545 662 δὲ
572 621 687 676 σφῷν
711 638 748 662 τι
773 621 974 672 βούλομαι
999 621 1143 673 σοφόν·
1408 623 1473 665 460

244 689 339 729 ὅταν
364 689 484 741 φίλος
509 705 567 729 τις
593 687 704 739 ἀνδρὶ
732 688 923 739 θυμωθεὶς
949 688 1054 742 φίλῳ

244 756 284 796 ἐς
310 755 352 796 ἓν
377 755 581 795 συνελθὼν
607 754 748 805 ὄμματ’
774 756 949 806 ὄμμασιν
974 756 1079 809 διδῷ,

244 822 310 873 ἐφ’
336 822 442 861 οἶσιν
467 821 565 872 ἥκει,
594 824 714 861 ταῦτα
739 821 814 875 χρὴ
841 822 963 872 μόνον
989 825 1166 867 σκοπεῖν,

246 891 372 928 κακῶν
398 890 440 929 δὲ
465 891 544 928 τῶν
569 888 661 940 πρὶν
686 887 852 939 μηδενὸς
876 889 1015 939 μνείαν
1041 888 1162 941 ἔχειν.

307 955 429 1006 λόγος
453 957 524 1006 μὲν
550 955 618 995 οὖν
645 958 716 996 σὸς
743 955 906 1006 πρόσθε,
936 955 1178 996 Πολύνεικες
1203 953 1354 994 τέκνον·
1405 959 1469 999 465

244 1020 294 1061 σὺ
319 1022 393 1073 γὰρ
421 1020 644 1072 στράτευμα
672 1024 880 1061 Δαναϊδῶν
905 1021 1012 1071 ἥκεις
1037 1020 1156 1072 ἄγων,

240 1086 354 1127 ἄδικα
379 1087 599 1133 πεπονθώς,
627 1087 678 1129 ὡς
707 1087 757 1127 σὺ
782 1085 874 1143 φῄς·
911 1086 1043 1138 κριτὴς
1067 1087 1110 1128 δέ
1134 1104 1192 1129 τις

242 1156 342 1194 θεῶν
366 1153 522 1206 γένοιτο
549 1153 609 1194 καὶ
636 1152 875 1204 διαλλακτὴς
902 1157 1042 1194 κακῶν.

141 1222 216 1260 Πο.
244 1221 394 1261 ἁπλοῦς
419 1220 440 1259 ὁ
463 1223 582 1271 μῦθος
607 1222 676 1271 τῆς
700 1220 887 1270 ἀληθείας
911 1219 1000 1272 ἔφυ,

240 1286 309 1326 κού
334 1286 524 1327 ποικίλων
549 1289 612 1328 δεῖ
632 1286 783 1340 τᾶνδιχ’
809 1285 1120 1338 ἑρμηνευμάτων·
1405 1299 1468 1330 470

240 1353 324 1406 ἔχει
349 1354 423 1406 γὰρ
450 1353 547 1393 αὐτὰ
572 1354 720 1406 καιρόν·
757 1354 777 1393 ὁ
803 1352 836 1393 δ’
860 1353 991 1395 ἄδικος
1015 1353 1138 1406 λόγος

238 1423 370 1460 νοσῶν
396 1421 438 1460 ἐν
463 1421 565 1474 αὑτῷ
592 1410 957 1472 φαρμάκωνδεῖται
982 1423 1137 1472 σοφῶν.

304 1486 382 1538 ἐγὼ
407 1488 449 1527 δὲ
473 1489 617 1539 πατρὸς
642 1485 832 1538 δωμάτων
854 1485 1171 1538 προυσκεψάμην

239 1551 384 1604 τούμόν
409 1570 452 1594 τε
477 1554 540 1594 καὶ
564 1552 681 1600 τοῦδ’,
709 1554 897 1606 ἐκφυγεῖν
921 1550 1076 1609 χρῄζων
1101 1553 1196 1604 ἀρὰς

237 1619 282 1661 ἃς
307 1620 496 1661 Οἰδίπους
520 1618 734 1673 ἐφθέγξατ’
760 1621 815 1661 εἰς
839 1620 938 1670 ἡμᾶς
963 1636 1072 1666 ποτε,
1400 1632 1462 1663 475

237 1684 407 1737 ἐξῆλθον
432 1685 506 1736 ἔξω
534 1685 646 1736 τῆσδ’
672 1687 771 1726 ἑκὼν
795 1685 911 1728 αὐτὸς
934 1686 1092 1738 χθονός,

235 1751 326 1794 δοὺς
350 1751 438 1807 τῷδ’
466 1752 660 1793 ἀνάσσειν
686 1754 870 1804 πατρίδος
895 1753 1073 1792 ἐνιαυτοῦ
1099 1751 1254 1798 κύκλον,

236 1818 331 1858 ὥστ’
356 1818 472 1861 αὐτὸς
497 1818 635 1872 ἄρχειν
660 1818 768 1859 αὖθις
793 1819 867 1858 ἀνὰ
892 1817 1009 1870 μέρος
1032 1818 1173 1868 λαβὼν

238 1888 300 1925 και
324 1884 377 1936 μὴ
404 1884 453 1925 δι’
480 1886 625 1938 ἔχθρας
650 1887 749 1940 τῷδε
777 1884 838 1924 καὶ
864 1884 1015 1936 φθόνου
1037 1884 1173 1934 μολὼν

236 1952 355 1991 κακόν
380 1969 417 1992 τι
442 1954 584 2003 δρᾶσαι
610 1951 673 1991 καὶ
698 1953 849 2000 παθεῖν,
875 1950 900 1990 ἃ
924 1950 1114 2002 γίγνεται.
1393 1956 1459 1994 480

228 2016 249 2056 ὃ
275 2016 308 2056 δ’
333 2016 496 2060 αἰνέσας
520 2016 627 2057 ταῦθ’
653 2018 806 2069 ὁρκίους
829 2033 871 2056 τε
896 2016 984 2058 δοὺς
1009 2017 1132 2063 θεούς,

178 2109 243 2148 456
267 2112 403 2150 Γοργοῦς
418 2109 631 2140 Valckenaer
733 2109 760 2140 δ’
778 2118 841 2139 om.
860 2106 941 2147 AB,
962 2107 1104 2138 sortasse
1122 2111 1213 2137 recte
1319 2117 1381 2147 457
1405 2123 1454 2150 γρ.

134 2151 231 2192 τρέπε
251 2151 282 2182 Μ
298 2153 325 2182 Β
416 2154 480 2192 458
502 2153 641 2192 ὄμμασιν
658 2152 685 2182 Β
701 2163 706 2181 :
734 2152 850 2191 ὄμμασι
868 2150 938 2181 fere
957 2150 1028 2181 rell.
1108 2160 1172 2189 459
1196 2150 1329 2190 λόγους]
1348 2152 1458 2192 λόγοις

134 2195 182 2225 V:
207 2195 307 2236 λόγον
326 2195 352 2226 Ρ
472 2198 535 2234 462
560 2194 746 2227 συνελθόντ’
765 2195 796 2224 Μ
817 2205 823 2224 :
841 2204 927 2226 corr.
948 2193 996 2224 M2
1115 2195 1177 2232 464
1203 2196 1352 2233 μηδαμῶς
1370 2195 1396 2224 L
1410 2195 1457 2227 P:

134 2239 193 2268 sed
212 2239 280 2270 ενὸς
297 2249 466 2278 suprascr.
485 2239 498 2269 l
584 2240 648 2277 468
672 2238 792 2279 κακῶν]
811 2238 932 2270 τέκνων
950 2237 985 2268 F.
1006 2237 1099 2267 Polle
1182 2247 1246 2275 470
1270 2240 1321 2268 δεῖ
1333 2238 1458 2278 τᾶνδιχ’

134 2281 165 2311 Α
178 2281 204 2311 Β
221 2281 247 2311 L
261 2281 321 2316 ΡΣ
340 2293 347 2312 :
365 2282 559 2323 δεῖτ’ἅνδιχ’
572 2295 624 2323 γρ.
641 2287 675 2320 Σ,
692 2286 723 2312 et
736 2284 786 2313 δεῖ
799 2280 828 2312 τ’
846 2279 951 2321 ἄνδιχ’
972 2279 1004 2310 Μ
1017 2280 1048 2310 V
1119 2291 1181 2319 472
1205 2282 1289 2321 αὐτῷ
1308 2280 1382 2310 MV
1395 2280 1458 2311 LP

134 2334 197 2363 473
211 2325 461 2366 πρυύσκεψάμην
472 2325 648 2365 participio
667 2325 813 2355 reddunt
831 2328 855 2358 Σ
875 2323 986 2364 (quasi
998 2322 1273 2365 προυσκεμμένος)
1371 2333 1457 2363 473—

133 2369 199 2440 4ἓο
222 2368 276 2398 alii
295 2369 369 2441 agis
392 2370 544 2408 suspecti
691 2378 755 2407 479
780 2367 896 2409 φθόνου
912 2380 964 2408 γρ.
985 2367 1039 2397 M:
1064 2367 1163 2407 φόνου
1179 2366 1251 2398 ΓΘΗ.
1274 2367 1394 2409 (φόνων
1410 2367 1457 2407 Α)

134 2422 153 2449 4
182 2420 194 2440 Ι
221 2412 290 2443 τάδ’
