1658 2740
676 108 1023 146 ΕΎΡΙΠΙΔΟΎ

287 215 407 252 κεῖται
431 209 598 262 μιγάσιν
616 208 796 261 ’Ἐλλησι
823 210 1046 263 βαρβάροις
1058 211 1104 251 θ’
1130 212 1225 263 ὁμοῦ

220 300 231 306 -
285 277 449 329 πλήρεις
474 277 627 330 ἔχουσα
654 278 1001 329 καλλιπυργώτους
1026 279 1175 325 πόλεις,

286 346 325 386 ἐς
350 342 463 394 τήνδε
487 347 641 395 πρῶτον
667 343 790 394 ἦλθον
815 342 1024 395 Ἑλλήνων
1049 345 1181 391 πόλιν,
1471 361 1512 382 20

285 411 398 451 τάκεῖ
419 410 615 464 χορεύσας
641 410 704 450 καὶ
731 410 985 462 καταστήσας
1011 411 1105 461 ἐμὰς

285 474 460 523 τελετάς,
488 475 536 517 ἵν’
567 478 650 526 εἵην
677 475 856 528 ἐμφανὴς
881 478 1029 527 δαίμων
1053 480 1226 529 βροτοῖς.

351 543 506 594 πρώτας
532 545 573 583 δὲ
601 542 748 593 Θήβας
772 545 893 593 τῆσδε
918 545 990 595 γῆς
1014 542 1249 594 Ἑλληνίδος

286 608 533 659 ἀνωλόλυξα,
562 608 711 660 νεβρίδ’
738 608 891 661 ἐξάψας
915 609 1034 662 χροὸς

286 676 433 728 θύρσον
458 692 500 715 τε
525 674 613 716 δοὺς
640 676 679 716 ἐς
703 679 828 727 χεῖρα,
857 677 1039 716 κίσσινον
1063 675 1199 726 βέλος·
1471 692 1510 722 ²5

287 742 375 783 ἐπεί
395 741 434 792 μ’
460 742 631 792 ἀδελφαὶ
656 742 815 792 μητρός,
844 742 888 782 ἂς
912 741 1056 791 ἥκιστα
1080 744 1194 795 χρῆν,

289 809 489 849 Διόνυσον
515 808 582 847 οὐκ
608 807 789 859 ἔφασκον
813 808 981 860 ἐκφῦναι
1007 809 1115 854 Διός,

286 874 465 926 Σεμέλην
491 876 533 914 δὲ
558 877 854 927 νυμφευθεῖσαν
881 875 923 914 ἐκ
948 876 1090 924 θνητοῦ
1113 891 1219 917 τινος

285 943 325 983 ἐς
351 940 445 991 Ζῆν’
470 940 685 993 ἀναφέρειν
709 940 780 991 τὴν
805 942 995 993 ἁμαρτίαν
1019 941 1176 994 λέχους,

286 1007 447 1059 Κάδμου
473 1008 657 1059 σοφίσμα
686 1007 708 1054 ’,
735 1008 790 1048 ὧν
816 1024 876 1048 νιν
902 1008 1042 1048 οὕνεκα
1067 1012 1221 1049 κτανεῖν·
1266 1046 1272 1050 ,
1469 1023 1509 1053 30

286 1074 380 1125 Ζῆν’
407 1073 680 1134 ffjgfflyxssvffi
708 1075 769 1115 ὅτι
793 1073 942 1126 γάμους
967 1075 1182 1127 ἐψεύσατο.
1260 1080 1277 1127 ².

286 1141 423 1194 τοιγάρ
438 1131 509 1182 ονιν
535 1140 653 1183 αὐτὰς
679 1142 722 1181 ἐκ
748 1141 879 1191 δόμων
904 1139 1079 1195 ᾤστρησ’
1105 1141 1182 1193 ἐγὼ

284 1209 454 1259 μανίαις,
481 1209 570 1259 ὅρος
594 1206 627 1247 δ’
653 1208 806 1248 οἰκοῦσι
831 1206 1054 1259 παράκοποι
1080 1211 1247 1261 φρενῶν·

287 1274 433 1325 σκευήν
459 1274 492 1314 τ’
518 1275 626 1327 ἔχειν
651 1272 846 1326 ἦνάγκασ’
872 1274 1017 1326 ὀργίων
1043 1275 1158 1325 ἐμῶν,

288 1341 348 1381 καὶ
373 1344 450 1382 πᾶν
475 1340 519 1380 τὸ
547 1342 647 1391 θῆλυ
673 1340 831 1392 σπέρμα
855 1341 1074 1391 Καδμείων,
1101 1342 1194 1382 ὅσαι
1470 1354 1510 1386 35

286 1411 465 1460 γυναῖκες
489 1406 605 1457 ἦσαν,
633 1405 804 1457 ἐξέμηνα
829 1404 1030 1458 δωμάτων·

286 1475 381 1525 ὁμοῦ
407 1476 447 1514 δὲ
476 1472 633 1524 Κάδμου
660 1473 800 1514 παισὶν
825 1472 1156 1526 ἀναμεμειγμέναι

285 1543 461 1594 χλωραῖς
484 1539 548 1580 ὑπ’
577 1537 736 1581 ἐλάταις
762 1540 974 1591 ἀνορόφοις
998 1539 1110 1590 ἧνται
1135 1538 1306 1593 πέτραις.

250 1655 258 1664 ι
285 1610 345 1647 δεῖ
366 1608 440 1659 γὰρ
466 1607 583 1646 πόλιν
608 1605 715 1655 τήνδ’
742 1607 938 1656 ἐκμαθεῖν,
967 1607 1023 1646 κεῖ
1047 1606 1099 1656 μὴ
1126 1605 1246 1652 θέλει,

285 1672 501 1714 ἀτέλεστον
527 1672 650 1713 οὖσαν
676 1675 753 1712 τῶν
779 1673 882 1722 ἐμῶν
907 1670 1210 1725 βακχευμάτων,
1379 1680 1385 1686 ’
1466 1687 1510 1718 40

285 1739 462 1791 Σεμέλης
487 1756 529 1779 τε
553 1737 697 1790 μητρὸς
723 1737 1061 1791 ἀπολογήσασθαί
1081 1738 1121 1789 μ’
1146 1740 1244 1790 ὕπερ

285 1805 462 1858 φανέντα
487 1809 643 1856 θνητοῖς
668 1805 818 1856 δαίμον’
845 1804 890 1846 ὃν
916 1806 1037 1845 τίκτει
1063 1807 1143 1846 Διί.

353 1871 509 1923 Κάδμος
533 1874 605 1923 μὲν
630 1871 696 1912 οὗν
721 1871 839 1924 γέρας
863 1889 905 1912 τε
932 1873 994 1912 καὶ
1019 1873 1226 1923 τυραννίδα

284 1941 435 1980 Πενθεῖ
458 1939 595 1979 δίδωσι
621 1941 814 1990 θυγατρὸς
839 1939 1089 1991 ἐκπεφυκότι,

284 2005 326 2048 ὃς
351 2008 542 2058 θεομαχεῖ
563 2006 611 2044 τὰ
638 2004 719 2045 κατ’
747 2006 814 2056 ἐμὲ
841 2006 903 2045 καὶ
930 2008 1113 2045 σπονδῶν
1138 2004 1215 2046 ἄπο
1464 2018 1506 2050 45

227 2110 268 2130 20
292 2097 404 2140 πόλιν]
421 2097 524 2140 χθόνα
540 2098 620 2130 Chr.
642 2098 713 2129 Pat.
737 2107 838 2137 1595:
864 2097 1008 2128 sortasse
1027 2100 1058 2130 ἐς
1074 2097 1170 2135 τήνδε
1187 2096 1300 2136 δήποτ’
1317 2096 1417 2135 ἦλθον
1434 2097 1506 2130 Ἑλ-

182 2143 289 2181 λήνων
305 2142 409 2183 χθόνα
509 2152 548 2173 21
575 2143 669 2174 τάκεῖ
683 2141 912 2172 Wilamowitz
930 2152 936 2170 :
960 2142 1054 2173 κάκεῖ
1068 2140 1093 2170 L
1107 2141 1132 2170 Ρ
1147 2152 1155 2171 ι
1178 2151 1244 2180 quo
1261 2146 1394 2172 servato
1412 2151 1443 2172 v.
1463 2151 1506 2172 20

183 2191 259 2224 post
283 2196 324 2215 22
349 2186 420 2217 trai.
452 2186 613 2217 Pierson:
647 2185 798 2216 codicum
824 2184 978 2215 ordinem
1003 2188 1117 2215 tuetur
1141 2183 1219 2215 Chr.
1249 2183 1320 2215 Pat.
1349 2193 1430 2223 1594
1454 2194 1504 2224 sq.

183 2239 223 2259 22
249 2232 295 2267 εἴη
316 2229 342 2260 Ρ
500 2239 541 2268 23
565 2228 599 2260 δὲ
618 2229 643 2258 L
656 2228 682 2258 P
699 2239 705 2258 :
729 2241 768 2268 ’γε
786 2227 800 2257 Ι
952 2227 1063 2258 malim
1080 2229 1210 2268 πρώτην
1226 2227 1262 2259 δὲ
1279 2227 1391 2266 Θήβην
1406 2226 1504 2265 τήνδε

183 2281 222 2310 25
247 2273 343 2309 βέλος
363 2272 558 2311 Stephanus
576 2284 582 2302 :
605 2271 704 2311 μέλος
724 2270 786 2301 LP
896 2271 939 2300 26
961 2269 1069 2308 ἥκιστ’
1087 2272 1187 2312 ἐχρῆν
1205 2270 1231 2300 L
1245 2270 1271 2301 P
1371 2279 1411 2308 31
1439 2272 1504 2311 ἐξε-

182 2316 360 2356 καυχώμεθ“
390 2316 468 2346 LP:
502 2325 586 2346 corr.
616 2314 764 2353 Elmsley
881 2323 923 2352 32
955 2313 1102 2354 οἵστρησ’
1130 2313 1205 2345 LP:
1242 2323 1327 2346 corr.
1354 2312 1503 2352 Elmsley

183 2360 224 2397 38
250 2359 422 2399 ἀνορόφους
441 2358 534 2396 ἧνται
551 2358 668 2398 πέτρας
687 2357 838 2397 Elmsley
