1622 2740
599 113 947 152 ΕΥΡΙΠΙΔΟΥ

476 235 568 260 εντα
592 219 717 271 λόγον
742 218 961 269 ἀκούσομαι
968 234 980 264 ,·

106 290 178 327 xo.
473 285 526 336 μὴ
550 285 766 338 πρόμαντις
790 284 948 337 ἀλγέων

408 351 676 404 προλάμβαν’,
704 349 733 391 ὦ
759 352 875 404 φίλα,
902 351 1033 403 γόους.

108 423 180 460 Ελ.
407 419 449 460 τί
467 435 534 470 μοι
559 416 677 460 πόσις
701 417 845 469 μέλεος
869 418 984 465 ἔτλας
1369 431 1434 463 340

474 483 621 537 πότερα
645 484 823 536 δέρκεται
848 484 951 537 φάος

274 550 471 603 τέθριππά
496 551 530 591 θ’
556 552 670 591 ἁλίου
696 550 866 591 κέλευθά
890 549 923 590 τ’
950 549 1144 602 ἀστέρων,

473 614 497 668 ἢ
523 616 558 658 ’ν
583 616 719 658 νέκυσι
744 618 841 656 κατὰ
866 616 1011 670 χθονὸς

473 685 545 724 τάν
569 684 731 736 χρόνιον
757 683 842 736 ἔχει
865 684 1009 737 τύχαν;
1374 696 1433 727 345

105 755 177 792 Χο.
474 752 513 792 ἐς
536 749 580 789 τὸ
606 749 797 801 φέρτερον
822 750 921 789 τίθει

406 817 451 856 τὸ
475 816 639 867 μέλλον,
668 816 690 855 ὅ
713 832 750 855 τι
774 814 1000 867 γενήσεται.

106 888 179 924 Ελ.
407 885 455 924 σὲ
479 885 555 935 γὰρ
580 881 767 928 ἐκάλεσα,
795 883 852 928 σὲ,
868 883 910 921 δὲ
937 881 1152 932 κατόμοσα,

407 950 476 990 τὸν
500 949 678 1001 ὑδρόεντι
703 949 837 989 δόνακι
861 947 1021 1001 χλωρὸν

405 1016 604 1068 Εὐρώταν,
632 1015 821 1056 θανόντος
1372 1026 1436 1057 350

409 1084 443 1123 εἰ
467 1081 585 1133 βάξις
610 1081 749 1132 ἔτυμος
775 1080 913 1133 ἀνδρὸς

412 1148 481 1189 ἅδε
505 1148 673 1199 μοι--τί
695 1147 778 1188 τάδ’
806 1147 1061 1194 ἀσύνετα,·-

408 1215 550 1268 φόνιον
576 1215 755 1266 αἰώρημα

475 1283 538 1321 διὰ
563 1280 677 1333 δέρης
702 1279 899 1332 ὀρέξομαι,

407 1345 431 1399 ἢ
457 1346 694 1400 ξιφοκτόνον
721 1347 873 1398 δίωγμα

472 1414 734 1466 λαιμορρύτου
760 1414 922 1465 σφαγᾶς
1375 1422 1436 1453 355

207 1482 469 1533 αὐτοσίδαρον
495 1480 576 1521 ἔσω
602 1479 768 1520 πελάσω
794 1480 857 1519 διὰ
883 1477 1030 1531 σαρκὸς
1056 1476 1244 1528 ἅμιλλαν,

409 1550 511 1598 θῦμα
534 1547 728 1598 τριζύγοις
753 1548 885 1586 θεαῖσι

408 1614 462 1668 τῷ
486 1630 530 1653 τε
555 1611 758 1665 σήραγγας
783 1611 900 1651 Ἰδαί-

409 1697 455 1721 ας
481 1679 646 1729 ἐνίζοντι
671 1677 841 1730 Πριαμί-

477 1748 526 1799 δᾳ
549 1744 634 1785 ποτ’
661 1744 763 1796 ἀμφὶ
787 1741 1080 1794 βουστάθμους.

108 1817 181 1854 Χο.
474 1809 621 1851 ἄλλοσ’
645 1810 851 1861 ἀποτροπὰ
877 1811 1005 1848 κακῶν
1376 1807 1439 1847 360

409 1876 579 1931 γένοιτο,
604 1876 649 1918 τὸ
674 1878 716 1917 δὲ
742 1875 816 1916 σὸν
842 1873 1015 1927 εὐτυχές.

152 1981 214 2011 342
238 1970 267 2002 τ’
295 1970 403 2002 ἀελίου
432 1969 521 1999 LP:
549 1978 635 1999 corr.
662 1968 814 1998 Badham
990 1974 1054 2004 343
1078 1964 1223 1995 fortasse
1249 1964 1373 2004 ἄστρων
1396 1961 1440 1993 ob

109 2020 263 2053 metrum,
294 2013 334 2045 cs.
363 2015 427 2052 632
452 2022 525 2051 sqq.
650 2011 787 2043 κέλευθά
816 2009 898 2040 LP:
926 2011 957 2041 ἐς
985 2007 1150 2040 κέλευθάῖ
1277 2016 1340 2045 344
1364 2006 1384 2044 ἢ
1409 2004 1440 2037 ’ν

108 2058 252 2095 Jacobs:
277 2058 296 2095 ἢ
316 2057 341 2087 L
354 2057 379 2086 P
469 2055 578 2087 νέκυσι
595 2054 627 2086 l:
652 2054 780 2087 νέκυσιν
797 2053 823 2083 L
836 2053 862 2083 P
967 2061 1029 2090 345
1054 2050 1183 2092 χρόνιον
1202 2049 1439 2081 Herwerden:

109 2101 239 2141 χθόνιον
264 2100 350 2130 LP:
375 2100 416 2130 cf.
441 2098 464 2129 I.
486 2099 523 2129 T.
551 2099 612 2136 481
704 2098 767 2136 348
793 2095 832 2128 σέ
851 2096 883 2136 γ’
903 2095 1085 2127 ἀνεκάλεσα
1104 2093 1255 2124 Badham
1339 2092 1438 2124 κατώ-

109 2157 194 2184 μοσα
226 2143 310 2173 LP:
343 2153 429 2173 corr.
459 2142 611 2180 Elmsley
743 2150 808 2179 349
836 2138 978 2180 ὑδρόεντι
1003 2137 1158 2168 Reiske:
1193 2135 1344 2177 ὑδρόεντα
1377 2134 1441 2164 LP

110 2188 238 2228 χλωρὸν
260 2186 478 2225 Stephanus:
504 2188 608 2226 χῶρον
629 2183 692 2214 LP
809 2192 873 2221 352
897 2182 1000 2212 verba
1020 2181 1053 2212 τί
1071 2180 1141 2213 τάδ’
1165 2180 1305 2211 ἀσύνετα
1325 2178 1439 2208 Choro

110 2230 210 2269 vulgo
243 2230 367 2260 tributa
400 2233 474 2267 post
508 2232 734 2258 correctorem
762 2235 877 2265 apogr.
906 2225 1008 2255 Paris.
1158 2232 1221 2261 353
1247 2221 1387 2264 ἐρέξομαι
1414 2220 1440 2250 Ρ

109 2282 173 2312 355
207 2274 341 2312 δαΐγμὸν
374 2271 540 2311 αἱμορύτου
573 2274 650 2309 post
684 2270 843 2307 Hartung
874 2267 1054 2298 Wecklein
1156 2267 1349 2307 λαιμορυτοῦ
1374 2263 1441 2292 LP

111 2317 239 2357 σφαγὰς
252 2315 278 2345 Ρ
390 2316 454 2353 356
471 2314 594 2353 ἅμιλλα
605 2313 630 2343 L
645 2312 672 2342 P
687 2324 693 2342 ;
718 2322 803 2342 corr.
827 2311 1008 2350 Musgrave
1125 2309 1190 2347 358
1206 2318 1256 2347 sq.
1275 2308 1439 2348 σήραγγας

111 2360 226 2391 Ἰδαίας
245 2358 379 2397 ἐνίζοντι
401 2358 553 2387 Badham
570 2367 578 2387 z
602 2354 739 2397 σύραγγ’
758 2356 857 2386 ἀοιδαὶ
876 2352 1006 2392 σεβίζου
1024 2351 1109 2382 LP:
1141 2352 1305 2392 συρίγγων
1322 2350 1438 2380 ἀοιδαῖς

113 2401 276 2442 σεβίζοντι
295 2400 525 2432 Wilamowitz
616 2400 766 2440 πριαμίδα
785 2397 809 2426 L
822 2398 846 2427 P
865 2408 872 2427 ι
896 2397 1061 2437 πριαμίδας
1079 2395 1092 2423 l
