1658 2740
539 547 1007 603 ΦΟΙΝΙΣΣΑΙ

104 711 335 741 ῙΟΚΑΣΤΗ

199 781 257 821 ”“Ω
281 781 351 832 τὴν
376 782 418 822 ἐν
443 780 604 833 ἄστροις
629 780 794 833 οὐρανοῦ
817 778 969 830 τέμνων
994 779 1085 820 ὁδὸν

206 848 269 889 καὶ
293 847 680 902 χρυσοκολλήτοισιν
708 847 895 898 ἐμβεβὼς
919 847 1076 899 δίφροις

197 914 334 961 ’Ἠλιε,
364 918 472 957 θοαῖς
497 916 680 956 ἵπποισιν
707 915 902 955 εἱλίσσων
928 914 1078 966 φλόγα,

205 982 257 1024 ὡς
282 984 456 1035 δυστυχῆ
484 981 669 1033 Θήβαισι
696 986 744 1037 τῇ
771 979 852 1020 τόθ’
878 979 1002 1034 ἡμέρᾳ

205 1048 328 1089 ἀκτῖν’
354 1050 518 1101 ἐφῆκας,
547 1047 705 1098 Κάδμος
730 1046 830 1098 ἡνίκ’
856 1045 953 1097 ἦλθε
977 1049 1052 1099 γῆν
1413 1062 1431 1091 5

204 1114 326 1166 τήνδ’,
354 1115 527 1155 ἐκλιπὼν
552 1114 780 1154 Φοίνισσαν
805 1114 967 1154 ἐναλίαν
991 1114 1132 1166 χθόνα·

204 1181 246 1224 ὃς
270 1184 391 1223 παῖδα
415 1180 542 1234 γήμας
568 1180 766 1234 Κύπριδος
789 1179 1004 1232 Ἃρμονίαν
1028 1182 1124 1221 ποτὲ

204 1249 446 1301 Πολύδωρον
472 1246 659 1300 ἐξέφυσε,
687 1250 755 1288 τοῦ
779 1249 819 1288 δὲ
846 1245 1062 1298 Λάβδακον

203 1318 326 1368 φῦναι
352 1313 555 1368 λέγουσιν,
585 1315 627 1354 ἐκ
653 1316 694 1354 δὲ
719 1316 832 1355 τοῦδε
858 1312 996 1354 Λάιον.

203 1382 281 1435 ἐγὼ
307 1384 348 1423 δὲ
374 1385 466 1424 παῖς
490 1383 562 1433 μὲν
590 1379 778 1438 κλίζομαι
805 1380 1047 1427 Μενοικέως,
1393 1396 1431 1416 10

202 1447 400 1502 -Κρέων
425 1447 458 1488 τ’
486 1447 662 1501 ἀδελφὸς
686 1447 832 1500 μητρὸς
855 1448 898 1488 ἐκ
922 1450 1013 1498 μιᾶς
1038 1447 1173 1500 ἔφυ-

203 1519 369 1556 καλοῦσι
393 1514 426 1556 δ’
452 1514 662 1565 Ἰοκάστην
686 1531 747 1566 με·
784 1517 899 1554 τοῦτο
923 1516 999 1567 γὰρ
1025 1514 1152 1566 πατὴρ

201 1582 324 1623 ἔθετο.
396 1586 516 1634 γαμεῖ
539 1584 579 1622 δὲ
605 1580 725 1622 Λάιός
749 1580 802 1632 μ’·
840 1582 926 1622 ἐπεὶ
951 1580 983 1621 δ’
1008 1580 1124 1623 ἄπαις

202 1648 248 1699 ἦν
274 1650 415 1702 χρόνια
439 1647 584 1700 λέκτρα
609 1648 698 1699 τᾶμ’
725 1648 829 1701 ἔχων
854 1649 896 1688 ἐν
921 1648 1112 1698 δώμασιν,

201 1716 330 1756 ἐλθὼν
354 1716 480 1770 ἐρωτᾷ
504 1718 661 1767 Φοῖβον
688 1712 834 1764 ἐξαιτεῖ
857 1714 891 1753 θ’
917 1713 998 1765 ἅμα
1391 1725 1427 1755 ῐ5

201 1783 352 1822 παίδων
376 1783 416 1824 ἐς
441 1783 569 1824 οἴκους
594 1780 774 1834 ἀρσένων
801 1782 1019 1822 κοινωνίαν.

269 1846 289 1888 ὃ
313 1847 346 1887 δ’
372 1848 494 1889 εἶπεν·
525 1847 584 1888 ςΩ
611 1847 819 1899 Θήβαισιν
845 1847 1022 1888 εὐίπποις
1049 1846 1159 1896 ἄναξ,

200 1914 252 1966 μὴ
280 1917 418 1966 σπεῖρε
442 1914 590 1955 τέκνων
614 1914 740 1955 ἄλοκα
765 1914 960 1965 δαιμόνων
984 1914 1070 1967 βία·

202 1983 236 2021 εἶ
260 1983 335 2033 γὰρ
361 1981 571 2023 τεκνώσεις
598 1980 716 2026 παῖδ’,
745 1982 954 2020 ἀποκτενεῖ
977 1979 1015 2019 σ’
1041 1980 1061 2019 ὁ
1086 1979 1174 2031 φύς,

202 2048 264 2088 καὶ
289 2050 364 2089 πᾶς
390 2047 460 2089 σὸς
484 2047 591 2089 οἶκος
616 2046 788 2098 βήσεται
812 2046 860 2087 δι’
886 2047 1062 2098 αἵματος.
1387 2059 1426 2080 20

201 2113 222 2154 ὃ
247 2114 280 2154 δ’
305 2114 426 2171 ἡδονῇ
451 2114 541 2156 δοὺς
567 2113 606 2155 ἔς
629 2131 672 2154 τε
696 2114 895 2167 βακχείαν
919 2113 1055 2155 πεσὼν

145 2208 301 2248 εὐριπῖδου
312 2207 476 2248 φοίνισσαι
489 2217 656 2247 suprascr.
668 2208 698 2237 V
713 2207 739 2238 P
755 2218 762 2238 :
778 2207 942 2249 φοίνισσαι
956 2207 983 2236 L
1050 2217 1070 2245 4
1089 2206 1208 2248 θὴβῃσι
1221 2205 1248 2236 L
1308 2215 1328 2244 5
1348 2207 1425 2246 ἀφῆ-

101 2263 158 2283 κας
172 2251 202 2282 V
219 2252 354 2292 (ἐφῆκας
371 2255 410 2288 Σ)
512 2261 533 2290 9
557 2253 592 2283 ἐκ
615 2254 708 2283 τοῦδε
724 2250 755 2281 Α
771 2262 778 2282 :
804 2253 839 2282 ἐκ
859 2250 893 2283 δὲ
909 2253 967 2282 τοῦ
986 2250 1012 2280 L
1114 2260 1149 2280 11
1176 2252 1248 2289 μιᾶς
1260 2251 1296 2281 ἐκ
1307 2250 1427 2290 μητρὸς

103 2295 128 2325 L
147 2306 154 2324 x
177 2305 207 2325 v.
226 2295 365 2326 seclusit
383 2294 489 2334 Paley
578 2305 620 2325 20
645 2295 728 2327 οἶκος
746 2294 783 2326 δέ
798 2306 848 2326 σοι
865 2297 926 2327 πᾶς
945 2294 1009 2324 Dio
1027 2293 1121 2325 Cass.
1144 2295 1194 2332 78.
1212 2294 1232 2323 8
1285 2293 1348 2333 (καὶ
1366 2295 1426 2325 πᾶς

100 2338 184 2371 οἶκος
201 2339 255 2371 σὸς
271 2337 316 2378 V)
399 2348 438 2369 21
464 2338 561 2381 ἡδονῇ
578 2336 678 2371 ’νδοὺς
692 2337 866 2369 Markland
884 2338 971 2377 (δοὺς
988 2338 1028 2376 Σ)
1111 2337 1270 2378 βακχείαν
1286 2335 1404 2367 Arnim
1420 2347 1427 2365 τ

101 2384 257 2423 βακχεῖον
275 2381 372 2413 codd.
