1658 2740
592 97 938 134 ΕΥΡΙΠΙΔΟΥ

1613 119 1631 147 ,ρ

194 206 271 244 τῶν
296 201 328 241 τ’
355 202 523 242 Οἰδίπου
549 201 742 252 δύστηνος
769 202 995 242 ἀπολαῦσαι
1021 205 1161 247 κακῶν,
1202 243 1204 245 ,
1342 214 1421 244 1205

194 268 332 310 παιδὸς
359 268 575 320 στερηθείς,
604 275 652 325 τῇ
677 269 793 309 πόλει
818 270 890 319 μὲν
916 268 1099 321 εὐτυχῶς,
1653 265 1658 316 Ξ

193 337 271 390 ἰδίᾳ
297 337 337 376 δὲ
362 339 533 387 λυπρῶς.
608 335 699 375 ἀλλ’
728 334 870 376 ἄνελθέ
896 352 962 385 μοι
988 334 1123 381 πάλιν,

191 403 231 442 τί
253 402 346 442 τάπὶ
370 402 522 444 τούτοις
549 402 654 442 παῖδ’
683 403 762 452 ἐμὼ
789 402 1030 454 δρασείετον.

92 472 165 521 Ay.
193 469 238 509 ἔα
262 472 311 509 τὰ
336 468 470 509 λοιπά·
510 469 611 521 δεῦρ’
641 470 700 509 ἀεὶ
725 471 799 522 γὰρ
826 469 1012 522 εὐτυχεῖς.

96 540 145 576 Ιο.
184 536 288 575 τοῦτ’
314 538 367 578 εἷς
392 537 570 576 ὕποπτον
599 536 722 578 ἅπας’
761 537 830 576 οὐκ
856 535 1004 575 ἐατέον.
1341 547 1424 569 1210

93 606 165 654 Αγ.
186 603 318 653 μεῖζον
342 604 383 643 τί
405 601 559 659 χρῄζεις
588 606 730 644 παῖδας
754 600 777 652 ἦ
809 601 1110 656 σεσῳσμένους,·

95 673 144 709 Ιο.
184 671 246 709 καὶ
272 669 488 710 τάπίλοιπά
514 669 550 721 γ’
577 671 610 710 εἰ
642 673 770 710 καλῶς
795 669 966 720 πράσσω
995 670 1141 709 κλύειν.

93 739 164 787 Ay.
185 735 302 786 μέθες
326 736 377 786 μ’·
416 736 559 787 ἕρημος
588 740 680 778 παῖς
708 737 965 775 ὑπασπιστοῦ
991 730 1120 775 σέθέν.

95 806 145 842 Ιο.
184 803 302 842 κακόν
328 820 364 843 τι
391 803 539 844 κεύθεις
568 804 631 843 καὶ
658 802 814 855 στέγεις
843 802 919 842 ὑπὸ
946 803 1088 856 σκότῳ.

91 874 163 921 Αγ.
187 870 278 910 κούκ
303 869 350 909 ἄν
376 886 421 922 γε
445 868 602 920 λέξαιμ’
630 869 691 910 ἐπ’
720 870 910 921 ἀγαθοῖσι
938 873 1024 911 σοῖς
1052 867 1162 910 κακά.
1345 881 1425 910 1215

94 939 143 975 Io.
180 933 229 986 ἢν
252 935 305 987 μή
332 953 377 988 γε
403 936 562 988 φεύγων
592 936 767 992 ἐκφύγῃς
795 935 892 987 πρὸς
917 935 1065 988 αἰθέρα.

91 1006 164 1054 Ay.
185 1004 278 1042 αἰαῖ·
317 1004 355 1043 τί
376 1003 415 1054 μ’
445 1003 512 1042 οὐκ
540 1005 678 1045 εἴασας
705 1001 751 1053 ἐξ
776 1002 994 1055 εὐαγγέλου

190 1068 323 1122 φήμης
348 1071 548 1115 ἀπελθεῖν,
578 1070 684 1109 ἀλλὰ
709 1073 882 1120 μηνῦσαι
909 1069 1025 1116 κακά,·

256 1137 309 1176 τὼ
335 1139 448 1177 παῖδε
473 1136 527 1176 τὼ
555 1137 614 1176 σὼ
638 1135 847 1186 μέλλετον,
875 1135 1109 1187 τολμήματα

190 1204 396 1257 αἴσχιστα,
424 1203 543 1256 χωρὶς
568 1206 814 1256 μονομαχεῖν
839 1203 987 1245 παντὸς
1014 1206 1196 1256 στρατοῦ,
1344 1215 1427 1238 1220

188 1268 376 1320 λέξαντες
401 1269 619 1321 Ἀργείοισι
652 1270 889 1320 Καδμείοισί
909 1287 951 1310 τε

188 1338 228 1379 ἐς
255 1336 382 1377 κοινὸν
409 1337 493 1377 οἶον
519 1335 660 1388 μήποτ’
690 1336 850 1388 ὤφελον
874 1337 1010 1388 λόγον.

253 1403 489 1453 Ἐτεοκλέης
515 1403 548 1443 δ’
575 1402 705 1455 ὑπῆρξ
743 1403 809 1443 ἀπ’
839 1403 970 1455 ὀρθίου
999 1405 1159 1445 σταθεὶς

187 1471 348 1522 πύργου,
377 1470 571 1512 κελεύσας
601 1474 698 1522 σῖγα
727 1468 889 1521 κηρῦξαι
917 1475 1088 1525 στρατῷ·

185 1534 313 1588 [ἔλεξε
338 1537 384 1577 δ’·
417 1536 475 1576 φΩ
501 1539 574 1588 γῆς
605 1535 805 1578 Ἑλλάδος
839 1534 1123 1589 στρατηλάται]
1343 1549 1422 1580 1225

189 1607 357 1644 Δαναῶν
383 1605 559 1655 ἀριστῆς,
590 1604 702 1655 οἵπερ
731 1603 864 1653 ἤλθετ’
895 1604 1045 1650 ἐνθάδε,

188 1670 347 1721 Κάδμου
372 1687 414 1711 τε
439 1671 548 1716 λαός,
576 1669 674 1721 μήτε
709 1671 975 1712 Πολυνείκους
1003 1670 1119 1724 χάριν

185 1738 319 1790 ψυχὰς
345 1738 602 1788 ἀπεμπολᾶτε
628 1736 719 1788 μήθ’
749 1737 859 1787 ἡμῶν
884 1738 993 1789 ὕπερ.

187 1805 264 1856 ἐγὼ
289 1805 362 1857 γὰρ
389 1804 504 1846 αὐτὸς
529 1804 643 1844 τόνδε
677 1804 853 1844 κίνδυνον
878 1804 1011 1855 μεθεὶς

186 1872 305 1921 μόνος
332 1870 502 1923 συνάψω
533 1871 720 1925 συγγόνῳ
748 1870 861 1925 τώμῷ
889 1870 1035 1924 μάχην·
1344 1883 1427 1914 1230

187 1937 257 1978 κᾶν
281 1940 352 1988 μὲν
379 1937 504 1978 κτάνω
535 1937 650 1982 τόνδ’,
685 1936 792 1978 οἶκον
818 1936 966 1987 οἰκήσω
991 1938 1123 1988 μόνος,

134 2032 215 2061 1208
242 2031 322 2072 ἐμὼ]
352 2033 427 2067 {mv
458 2031 488 2061 A
511 2031 538 2062 Ρ
676 2041 757 2061 1210
784 2031 928 2062 sortasse
953 2032 1038 2063 τοῦθ’
1064 2034 1104 2063 ὡς
1250 2032 1327 2063 κούκ
1354 2030 1424 2061 VL

91 2084 165 2103 1211
192 2076 225 2106 τί
241 2075 293 2105 A:
318 2089 348 2106 τι
363 2075 430 2105 rell.
514 2085 595 2105 1212
622 2075 690 2115 καὶ]
709 2074 799 2106 κεῖΑ
864 2075 1043 2106 τᾶλοιπάΡ
1110 2074 1161 2106 ὑπ’
1180 2075 1340 2106 διο-πιστοῦ
1353 2073 1384 2104 Μ
1399 2074 1426 2103 L

89 2128 168 2156 1215
194 2118 286 2158 κούκ]
302 2121 358 2150 οὐκ
373 2119 396 2148 F
490 2118 547 2159 γε]
577 2132 612 2149 τε
626 2118 652 2147 Β
671 2119 730 2148 sed
748 2132 787 2159 γε
806 2129 974 2158 suprascr.
994 2118 1035 2147 Β2
1124 2118 1210 2158 σοῖς]
1229 2131 1278 2149 σοι
1297 2117 1426 2148 Reiske

91 2161 714 2202 1216pfyyelWIVP2paehpaeeABL
834 2172 913 2200 1217
939 2160 1428 2194 aYaYMBLpzaPa'BAVl

92 2207 172 2235 1218
196 2205 351 2246 μηνῦσαι]
375 2205 513 2244 σημάναι
535 2205 561 2235 Ρ
732 2215 813 2245 1223
841 2208 995 2244 ἐτεοκλῆς
1012 2203 1183 2247 προῦπῆρξ’
1199 2203 1230 2234 V
1255 2206 1426 2246 (ἐτεοκλῆς

89 2249 186 2278 etiam
207 2249 248 2290 L)
368 2248 437 2289 ἀπ’]
457 2249 504 2280 ἐπ’
524 2249 568 2278 132
686 2258 765 2287 1225
791 2252 825 2280 οὐ
844 2248 973 2290 φέρεται
992 2251 1025 2281 ἐν
1042 2252 1108 2280 τοῖς
1125 2250 1261 2280 πολλοῖς
1278 2247 1425 2289 ἀντιγρά-

89 2300 159 2329 φοις
177 2296 200 2325 Σ
312 2292 416 2324 λείπει
435 2294 473 2323 τὸ
490 2295 614 2324 ταῦτα
638 2292 767 2333 λέγων
785 2297 809 2326 Σ
827 2293 999 2332 antiquior
1092 2293 1174 2322 1226
1198 2295 1330 2323 Δαναῶν
1347 2291 1376 2322 τ’
1396 2291 1422 2320 L

90 2336 222 2376 ἀριστῆς
243 2335 318 2375 (5161
339 2335 369 2365 Α
392 2346 398 2365 t
424 2337 563 2375 ἀριστεῖς
582 2336 651 2366 rcH.
673 2342 705 2365 ct
724 2346 892 2375 suprascr.
911 2336 942 2365 A
1087 2337 1168 2365 1228
1194 2337 1277 2374 ὑμῶν
1296 2334 1327 2364 Μ
1341 2334 1370 2363 Α
1393 2339 1424 2363 et

91 2383 112 2411 Σ
133 2389 217 2409 uuus
370 2388 452 2416 1229
475 2378 534 2409 τόν
551 2392 585 2409 τε
604 2379 634 2407 Α
786 2388 862 2417 1231
893 2380 1023 2416 οἰκήσας
1044 2379 1069 2409 Ρ
