1658 2740
720 91 947 130 ΒΑΚΧΑΙ

469 208 537 234 τας
563 192 638 233 σὺν
661 194 878 249 μαινομένᾳ
902 195 1009 249 δόξᾳ.

432 283 435 289 ·
474 260 732 311 κρυπτεύουσι
757 263 798 301 δὲ
824 263 1011 303 ποικίλως

537 326 656 378 δαρὸν
680 328 824 380 χρόνου
848 329 950 368 πόδα
975 329 1038 369 καὶ

472 396 646 444 θηρῶσιν
671 397 738 434 τόν
763 393 950 435 ἄσεπτον.
1023 395 1068 436 οὐ
1431 403 1496 444 890

469 461 544 511 γὰρ
570 460 757 511 κρεῖσσόν
782 478 877 502 ποτε
901 466 978 502 τῶν
1003 463 1135 513 νόμων

470 527 708 578 γιγνώσκειν
732 527 808 581 χρὴ
837 528 899 569 καὶ
923 532 1106 580 μελετᾶν.

470 593 600 645 κούφα
624 596 698 645 γὰρ
726 594 881 636 δαπάνα
905 596 1012 647 νομί-

468 659 547 709 ζειν
572 660 690 714 ἰσχὺν
715 661 794 702 τόδ’
821 661 943 716 ἔχειν,

470 726 493 765 ὅ
516 743 553 766 τι
576 726 662 767 ποτ’
687 727 762 779 ἄρα
787 727 831 769 τὸ
857 730 1072 780 δαιμόνιον,

468 793 516 832 τό
540 793 572 832 τ’
598 795 639 834 ἐν
665 795 794 850 χρόνῳ
820 800 954 850 μακρῷ
980 797 1147 848 νόμιμον
1431 803 1492 843 895

532 860 594 901 ἀεὶ
620 861 742 912 φύσει
767 879 808 903 τε
835 863 1021 915 πεφυκός.

297 1002 352 1008 —
456 978 497 1017 τί
519 976 562 1016 τὸ
589 979 739 1029 σοφόν;
778 976 800 1029 ἦ
828 981 868 1020 τί
890 980 934 1020 τὸ
962 980 1128 1022 κάλλιον

464 1045 569 1095 παρὰ
593 1046 693 1086 θεῶν
717 1045 835 1097 γέρας
859 1047 901 1086 ἐν
925 1051 1087 1098 βροτοῖς

461 1106 484 1159 ἢ
509 1109 609 1163 χεῖρ’
634 1111 730 1163 ὑπὲρ
756 1115 928 1164 κορυφᾶς

463 1179 539 1217 τῶν
565 1178 717 1230 ἐχθρῶν
744 1179 915 1230 κρείσσω
942 1179 1141 1234 κατέχειν;
1427 1196 1492 1228 900

527 1244 548 1282 ὅ
572 1260 609 1285 τι
635 1243 756 1285 καλὸν
782 1246 904 1297 φίλον
929 1247 1002 1287 ἀεί.

297 1388 352 1394 -—
371 1359 580 1415 {efissacsmov
607 1363 678 1413 μὲν
703 1360 746 1404 ὃς
772 1363 813 1402 ἐκ
840 1361 1049 1405 θαλάσσας

373 1422 520 1481 ξ’ἔφυγε
544 1433 676 1483 χεῖμα,
703 1429 845 1480 λιμένα
870 1430 902 1470 δ’
931 1431 1075 1484 ἔκιχεν·

370 1481 375 1516 3
397 1495 589 1546 εὐδαίμων
615 1495 647 1536 δ’
672 1495 714 1538 ὃς
738 1496 879 1549 ὕπερθε
903 1497 1064 1550 μόχθων

216 1549 259 1604 f?
363 1586 369 1617 ἑ
398 1561 560 1613 ἐγένεθ’·
599 1562 712 1616 ἑτέρᾳ
737 1562 769 1602 δ’
796 1564 927 1615 ἕτερος
953 1564 1085 1615 ἕτερον
1427 1577 1490 1612 905

362 1626 369 1666 Ῐ
393 1629 506 1683 ὄλβῳ
533 1630 595 1670 καὶ
622 1627 782 1680 δυνάμει
808 1632 1020 1681 παρῆλθεν.

459 1696 591 1748 μυρίαι
616 1695 648 1735 δ’
673 1695 730 1736 ἔτι
753 1698 902 1748 μυρίοις

530 1762 634 1802 εἰσὶν
658 1763 828 1804 ἐλπίδες·
865 1762 904 1802 αἳ
929 1764 1001 1813 μὲν

523 1832 762 1869 τελευτῶσιν
788 1829 830 1869 ἐν
854 1830 966 1884 ὄλβῳ
1042 1797 1089 1869 ἲ

525 1893 703 1947 βροτοῖς,
731 1889 770 1936 αἶι
796 1898 815 1935 δ
853 1900 1080 1946 απεβησαν·

462 1961 507 2002 τὸ
532 1964 573 2002 δὲ
601 1961 682 2001 κατ’
708 1960 810 2013 ἦμαρ
835 1963 909 2016 ὅτῳ
934 1963 1071 2013 βίοτος
1424 1977 1487 2010 910

528 2028 732 2079 εὐδαίμων,
759 2029 968 2080 μακαρίζω.

203 2119 266 2157 887
291 2118 530 2159 συμμαινομένα
553 2130 595 2150 ex
624 2119 840 2159 σημαινομένα
866 2120 990 2150 factum
1016 2120 1049 2150 in
1079 2119 1105 2149 P
1288 2121 1379 2163 δόξᾳ]
1408 2125 1487 2165 δοκᾷ

162 2161 336 2192 Hermann
353 2174 359 2193 :
384 2165 472 2194 δοκοῖ
484 2163 673 2202 Musgrave,
694 2164 735 2194 cl.
755 2163 804 2194 El.
825 2174 886 2203 747
990 2165 1055 2202 890
1079 2166 1196 2204 θηρῶσι
1214 2163 1240 2194 Ρ
1347 2166 1410 2204 892
1435 2167 1485 2197 καὶ

159 2206 210 2237 καὶ
237 2205 264 2236 Ρ
423 2207 486 2245 893
509 2208 570 2248 γὰρ
589 2206 625 2246 P,
643 2207 704 2237 sed
723 2208 759 2248 ὰρ
784 2207 818 2237 in
843 2217 906 2238 ras.
1069 2207 1135 2246 894
1158 2206 1225 2239 τόδ’
1246 2207 1360 2238 Heath
1380 2220 1387 2239 :
1411 2207 1441 2240 τ’
1460 2208 1487 2239 Ρ

159 2258 224 2287 902
249 2249 415 2288 θαλάσσης
446 2249 472 2279 Ρ
669 2259 732 2289 905
758 2250 850 2291 ἑτέρα
878 2251 953 2289 (Le.
985 2250 1092 2293 ἑτέρᾳ)
1124 2250 1173 2280 P:
1208 2250 1303 2292 ἕτερα
1335 2251 1486 2291 Elmsley

159 2302 222 2331 907
247 2295 274 2324 δ’
291 2292 339 2325 ἔτι
355 2293 475 2334 μυρίοις
494 2292 674 2332 Hartung:
697 2294 855 2336 μυρίαισιν
872 2294 917 2326 ἔτ’
940 2293 966 2324 Ρ
1135 2304 1201 2334 909
1227 2296 1259 2326 αἱ
1275 2294 1485 2338 δ’ἠέμιίτησαν

161 2335 405 2367 Stadtmueller

248 2390 327 2412 nun.
352 2391 401 2412 111.
1314 2384 1353 2416 17
