1658 2740
687 73 974 111 ΟΡΕΣΤΗΣ

273 177 341 214 τοῦ
366 176 440 226 γὰρ
466 175 611 228 χρόνου
636 174 679 215 τὸ
704 178 826 226 μῆκος
852 176 945 216 αὐτὸ
972 176 1193 231 συντρέχει.
1414 191 1497 223 1215

172 242 244 293 Ορ.
273 244 413 282 καλῶς·
452 241 502 282 σὺ
526 241 599 292 μέν
624 259 705 289 νυν,
736 242 902 295 σύγγον’
928 242 1142 295 Ἰ-Ιλέκτρα,
1170 245 1300 295 δόμων

272 307 394 359 πάρος
417 306 593 358 μένουσα
618 308 813 360 παρθένου
841 308 960 361 δέχου
987 310 1100 356 πόδα,

273 374 463 425 φύλασσε
487 374 519 414 δ’
545 374 592 425 ἤν
617 392 691 422 τις,
722 375 813 427 πρὶν
839 375 1052 431 τελευτηθζῗ)
1072 377 1207 427 φόνος,

270 437 292 490 ἢ
319 439 521 494 ξύμμαχός
545 457 603 483 τις
627 438 650 491 ἢ
680 442 918 493 κασίγνητος
943 442 1101 494 πατρός,

272 507 400 546 ἐλθὼν
427 509 465 548 ἐς
491 508 620 549 οἴκους
647 510 743 565 φθῇ,
773 507 924 560 γέγωνέ
949 507 983 548 τ’
1008 509 1048 550 ἐς
1074 509 1227 559 δόμους,
1419 523 1500 545 1220

271 569 294 622 ἢ
320 574 462 613 σανίδα
489 573 657 613 παίσασ’
684 571 706 624 ἢ
735 575 879 627 λόγους
906 574 1089 627 πέμψασ’
1114 575 1208 614 ἔσω·

269 639 379 689 ἡμεῖς
405 638 437 679 δ’
464 639 543 679 ἔσω
571 641 804 694 στείχοντες
831 641 895 681 ἐπὶ
919 644 987 681 τὸν
1013 641 1186 694 ἔσχατον

270 705 389 756 ἀγῶν’
416 706 696 757 ὁπλιζώμεσθα
727 706 923 761 φασγάνῳ
948 706 1082 760 χέρας,

269 769 463 822 [Πυλάδη·
503 773 553 813 σὺ
580 774 656 825 γὰρ
687 773 732 823 δὴ
760 778 973 825 συμπονεῖς
1000 774 1086 825 ἐμοὶ
1111 771 1283 824 πόνοις]

335 836 364 878 ὦ
391 841 499 889 δῶμα
527 839 646 880 ναίων
675 839 814 881 νυκτὸς
840 841 1033 893 ὀρφναίας
1058 839 1192 892 πάτερ,
1417 848 1498 880 ¹225

271 908 385 945 καλεῖ
408 904 446 943 σ’
474 905 669 957 Ὀρέστης
700 910 791 948 παῖς
818 906 888 948 σὸς
913 907 1118 958 ἐπίκουρον
1142 908 1282 957 μολεῖν

268 975 349 1013 τοῖς
375 971 613 1023 δεομένοισι.
688 975 750 1013 διὰ
778 975 825 1013 σὲ
850 973 924 1025 γὰρ
950 972 1095 1026 πάσχω
1121 971 1243 1013 τάλας

269 1038 423 1080 ἀδίκως·
463 1038 704 1091 προδέδομαι
731 1038 763 1079 δ’
788 1040 862 1079 ὑπὸ
889 1038 1128 1091 κασιγνήτου
1153 1037 1282 1084 σέθεν,

269 1105 398 1145 δίκαια
425 1104 588 1157 πράξας·
628 1105 672 1145 οὗ
700 1104 802 1146 θέλω
828 1104 991 1157 δάμαρθ’
1019 1106 1122 1146 ἑλὼν

271 1175 431 1212 κτεῖναι·
471 1171 522 1212 σὺ
548 1171 581 1212 δ’
607 1172 700 1223 ἡμῖν
726 1175 839 1212 τοῦδε
864 1170 1108 1224 συλλήπτωρ
1132 1175 1260 1224 γενοῦ.
1415 1181 1498 1213 1230

168 1241 250 1279 Ηλ.
270 1236 300 1279 ὦ
326 1237 461 1291 πάτερ,
491 1239 574 1279 ἱκοῦ
600 1237 695 1289 δῆτ’,
724 1239 757 1279 εἰ
784 1239 914 1280 κλύεις
940 1239 1020 1279 ἔσω
1045 1237 1188 1292 χθονὸς

268 1304 417 1346 τέκνων
442 1305 685 1352 καλούντων,
716 1305 752 1346 οἳ
780 1304 899 1346 σέθεν
925 1303 1139 1361 θνῄσκουσ’
1164 1305 1274 1356 ὕπερ.

167 1374 244 1413 Πυ.
266 1369 295 1412 ὦ
322 1372 534 1425 συγγένεια
563 1371 709 1424 πατρὸς
735 1374 841 1422 ἐμοῦ,
871 1373 995 1423 κάμὰς
1020 1371 1144 1418 λιτάς,

268 1437 531 1491 Ἀγάμεμνον,
567 1437 819 1480 εἰσάκουσον·
858 1438 1039 1493 ἔκσῳσον
1064 1437 1194 1479 τέκνα.

168 1507 241 1557 Ορ.
262 1505 415 1546 ἔκτεινα
442 1504 589 1558 μητέρα
614 1537 622 1545 .
656 1536 664 1546 .
691 1536 700 1546 .
789 1509 870 1546 Ηλ.
907 1503 1072 1558 ἡψάμην
1092 1504 1123 1545 δ’
1143 1505 1220 1556 ἐγὼ
1246 1502 1386 1555 ξίφους
1412 1534 1419 1542 .
1448 1533 1456 1541 .
1485 1532 1493 1541 .

168 1575 245 1612 Πυ.
266 1572 344 1624 ἐγὼ
369 1571 401 1611 δ’
427 1572 769 1623 Ϋέπεβούλευσαῆ·
796 1571 988 1612 κάπέλυσ’
1013 1573 1128 1612 ὄκνου
1156 1602 1163 1610 .
1192 1602 1199 1610 .
1228 1602 1236 1610 .
1413 1572 1496 1612 1236

168 1640 241 1689 Ορ.
262 1639 341 1684 σοί,
370 1636 503 1690 πάτερ,
533 1637 703 1690 ἀρήγων.
844 1641 924 1678 Ηλ.
995 1637 1075 1677 οὐδ’
1102 1638 1178 1689 ἐγὼ
1203 1633 1408 1688 προύδωκά
1433 1651 1493 1675 σε.

169 1708 245 1745 Πυ.
264 1705 403 1745 οὔκουν
429 1706 558 1755 ὀνείδη
587 1703 678 1745 τάδε
706 1704 834 1744 κλύων
859 1704 960 1759 ῥύσῃ
985 1703 1119 1750 τέκνα,·

216 1808 296 1837 1215
321 1800 400 1840 αὐτῇ
420 1799 446 1828 L
598 1799 678 1828 1216
701 1796 760 1837 μὲν
782 1799 837 1828 νῦν
853 1797 949 1827 codd.
1085 1806 1168 1836 1219
1192 1795 1256 1826 del.
1277 1794 1493 1825 Herwerden

173 1852 255 1872 1220
283 1842 330 1882 τ’]
354 1842 380 1873 δ’
403 1841 430 1871 Β
533 1843 567 1872 ἐν
587 1840 691 1880 δόμοις
717 1841 748 1870 Μ
764 1841 790 1870 L
812 1845 845 1870 et
869 1840 1012 1870 fortasse
1032 1844 1055 1872 Σ
1073 1851 1078 1869 :
1107 1842 1142 1871 ἐκ
1162 1839 1266 1878 δόμων
1290 1837 1444 1877 primitus
1462 1836 1493 1866 A

172 1895 252 1915 1221
280 1885 410 1917 σανίδας
427 1884 458 1914 Α
469 1884 496 1914 Β
510 1885 535 1914 L
652 1893 733 1923 1223
759 1882 975 1923 ὁπλιζόμεσθα
991 1882 1022 1912 Α
1037 1894 1044 1912 z
1069 1881 1263 1922 ὁπλιζόμεθα
1279 1880 1312 1910 Μ
1328 1891 1334 1910 :
1360 1878 1496 1919 ὁπλιζώ-

168 1932 247 1968 μεθα
262 1928 288 1958 Ρ
380 1937 471 1967 1223,
490 1937 569 1966 1224
584 1927 721 1957 inverso
735 1927 853 1957 ordine
865 1927 1024 1965 leguntur
1035 1925 1067 1955 in
1080 1925 1119 1956 F:
1144 1935 1225 1962 1224
1240 1923 1303 1954 del.
1317 1923 1494 1954 Hermann

171 1972 252 2001 1226
276 1974 365 2003 καλῶ
383 1971 490 2001 Cobet
656 1979 846 2009 1227—1230
872 1971 906 2001 ἐν
922 1973 966 2010 τῷ
985 1968 1171 2010 ἀντιγράφῳ
1188 1969 1222 1999 οὐ
1239 1966 1391 2007 φέρονται
1408 1964 1495 1997 οὗτοι

169 2015 197 2046 οἵ
211 2015 238 2046 δ’
248 2017 367 2053 ἴαμβοι,
386 2013 469 2055 [καὶ]
485 2017 518 2046 ἐν
532 2015 623 2053 ἄλλῳ
637 2012 672 2045 δέ
684 2018 707 2047 Σ
722 2014 762 2043 ad
777 2023 805 2043 v.
822 2023 904 2051 1229
1025 2022 1103 2051 1231
1126 2014 1153 2044 εἰ
1166 2009 1292 2050 κλύεις]
1307 2009 1454 2050 ἐγκλύεις
1468 2008 1496 2039 L

173 2067 254 2096 1232
295 2057 465 2099 θνῇσκουσ’
499 2057 552 2087 hic
585 2056 618 2086 M
783 2065 864 2094 1233
888 2056 939 2088 καὶ
973 2057 1048 2095 ἐμᾶς
1082 2057 1173 2095 (ἐμᾶς
1206 2054 1257 2094 Μ)
1291 2055 1383 2085 λιτᾶς
1416 2051 1448 2082 Μ
1470 2052 1496 2082 L

172 2110 254 2139 1234
287 2101 424 2132 ἄκουσον
442 2100 469 2130 Ρ
639 2108 720 2139 1235
751 2099 875 2141 μητέρα
893 2098 970 2140 (sic)
991 2099 1023 2129 M
1039 2098 1102 2129 LP
1209 2103 1269 2129 Ηλ.
1289 2095 1359 2126 M2:
1384 2100 1439 2127 Πυ.
1460 2095 1492 2125 Μ

169 2143 238 2175 rell.
404 2144 486 2181 1236
514 2149 569 2175 Πυ.
598 2142 669 2173 M2:
702 2149 762 2175 Ηλ.
791 2143 822 2173 Μ
849 2142 921 2174 rell.
1021 2144 1048 2174 δ’
1075 2141 1295 2178 ἐπεβούλευσα
1320 2138 1495 2169 MALP:

171 2187 314 2218 sortasse
333 2186 367 2218 δὲ
384 2186 648 2228 προεβούλευσαῐ
680 2188 706 2218 δ’
726 2185 925 2218 ἐπεκέλευσα
943 2185 970 2216 Β
985 2196 991 2217 :
1025 2185 1062 2217 δέ
1075 2187 1108 2226 ’γ’
1127 2184 1326 2217 ἐπεκέλευσα
1344 2182 1471 2212 Porson
1487 2192 1495 2212 :

170 2233 197 2262 δ’
221 2229 457 2262 ἐπενεκέλευσα
477 2229 606 2268 Nauck,
630 2229 669 2260 cs.
696 2229 745 2260 El.
767 2240 868 2268 1224:
895 2229 935 2259 cf.
958 2233 981 2263 Σ
1005 2229 1021 2260 ὅ
1043 2231 1126 2260 ἐστι·
1152 2226 1316 2270 συνῄνεσα
1339 2228 1387 2266 τῷ
1407 2225 1494 2266 φόνῳ

171 2283 256 2348 {23AE
276 2273 364 2358 ἓξὲξ
383 2279 439 2305 Πυ.
459 2273 486 2302 L
646 2273 727 2312 1238
751 2273 826 2314 Πυ.]
847 2278 900 2314 Ορ.
917 2272 944 2303 L
1048 2274 1140 2313 ῥῦσαι
1160 2271 1224 2302 LP
1241 2272 1292 2310 (et
1310 2268 1360 2301 sic
1376 2273 1419 2303 2:
1452 2268 1493 2299 cf.
