1658 2740
617 136 962 175 ΕΥΡΙΠΙΔΟΥ

122 243 199 279 HA.
218 237 247 279 ὦ
273 239 514 292 βοστρύχων
544 243 707 282 πινῶδες
732 240 871 281 ἄθλιον
897 240 1005 293 κάρα,
1389 257 1450 288 225

217 305 268 347 ὡς
293 305 489 358 ἠγρίωσαι
516 308 578 346 διὰ
605 310 754 360 μακρᾶς
779 308 982 350 ἀλουσίας.

116 376 188 424 Ορ.
217 373 350 413 κλῖνόν
374 372 413 423 μ’
442 374 481 414 ἐς
508 373 623 424 εὐνὴν
653 374 774 416 αὖθις·
813 376 907 415 ὅταν
934 375 1006 431 ἀνῇ
1031 375 1151 418 νόσος

214 440 365 489 μανίας,
394 439 587 492 ἄναρθρός
616 443 693 491 εἰμι
722 442 901 482 κάσθενῶ
925 441 1039 492 μέλη.

117 508 196 545 Ηλ.
215 506 308 546 ἰδού.
381 508 504 558 φίλον
530 524 591 548 τοι
618 512 671 562 τῷ
699 512 884 548 νοσοῦντι
910 507 1078 559 δέμνιον,

215 573 374 625 ἀνιαρὸν
400 572 444 614 ὃν
470 574 514 613 τὸ
542 574 667 625 κτῆμ’,
697 576 912 627 ἀναγκαῖον
938 574 971 615 δ’
996 576 1112 626 ὅμως.
1387 590 1450 622 230

114 641 185 691 Ορ.
213 640 322 682 αὖθίς
346 639 384 690 μ’
411 642 450 682 ἐς
476 640 595 692 ὀρθὸν
623 644 789 691 στῆσον,
819 642 1030 682 ἀνακύκλει
1055 641 1186 692 δέμας·

213 705 459 758 δυσάρεστον
488 709 523 747 οἱ
551 711 761 750 νοσοῦντες
789 708 953 760 ἀπορίας
977 709 1064 749 ὕπο.

117 775 192 812 HA.
211 771 234 823 ἦ
261 774 353 813 κάπὶ
378 774 491 825 γαίας
524 774 695 825 ἁρμόσαι
723 775 844 815 πόδας
871 774 1011 820 θέλεις,

210 840 372 892 χρόνιον
399 841 508 892 ἴχνος
540 842 639 887 θείς;
677 840 885 892 μεταβολὴ
913 840 1072 881 πάντων
1098 842 1234 894 γλυκύ.

109 908 183 955 Ορ.
210 905 399 956 μάλιστα·
439 905 558 956 δόξαν
585 909 660 959 γὰρ
685 906 767 947 τόδ’
794 907 942 960 ὑγιείας
968 907 1064 961 ἔχει.
1386 923 1445 953 ²35

212 977 398 1024 κρεῖσσον
424 975 465 1014 δὲ
490 973 534 1014 τὸ
562 977 703 1020 δοκεῖν,
733 974 803 1014 κᾶν
832 974 1018 1025 ἀληθείας
1045 975 1137 1031 ἀπῇ.

113 1041 189 1079 Ηλ.
208 1039 323 1081 ἄκουε
349 1040 394 1090 δὴ
419 1043 500 1087 νῦν,
530 1039 559 1081 ὦ
588 1041 828 1093 κασίγνητον
859 1040 968 1094 κάρα,

209 1106 281 1148 ἕως
306 1108 425 1147 ἐῶσιν
453 1106 493 1148 εὖ
520 1111 683 1160 φρονεῖν
710 1107 899 1160 Ἐρινύες.

106 1174 178 1224 Ορ.
206 1172 335 1223 λέξεις
361 1191 398 1214 τι
424 1174 572 1215 καινόν·
612 1175 669 1215 κεί
696 1176 769 1225 μὲν
795 1174 847 1221 εὖ,
877 1174 994 1228 χάριν
1020 1173 1168 1227 φέρεις·

206 1241 238 1280 εἰ
265 1239 298 1280 δ’
324 1242 362 1282 ἐς
387 1240 555 1291 βλάβην
583 1241 668 1287 τιν’,
698 1240 786 1282 ἅλις
812 1241 891 1294 ἔχω
917 1241 960 1281 τὸ
988 1244 1210 1294 δυστυχεῖν.
1382 1257 1444 1287 240

108 1309 185 1346 HA.
207 1306 414 1348 Μενέλαος
438 1308 536 1358 ἥκει,
568 1311 641 1348 σοῦ
668 1309 903 1360 κασίγνητος
928 1309 1087 1360 πατρός,

205 1375 247 1413 ἐν
275 1375 462 1428 Ναυπλίᾳ
488 1376 529 1414 δὲ
560 1374 728 1425 σέλμαθ’
755 1375 947 1426 ὥρμισται
975 1378 1086 1415 νεῶν.

103 1442 175 1490 Ορ.
204 1443 284 1482 πῶς
310 1440 439 1487 εἶπας;
478 1442 563 1492 ἥκει
591 1445 676 1493 φῶς
704 1443 811 1492 ἐμοῖς
837 1442 899 1482 καὶ
927 1445 1014 1483 σοῖς
1039 1445 1171 1483 κακοῖς

203 1507 299 1559 ἀνὴρ
325 1508 518 1559 ὁμογενὴς
547 1509 607 1548 καὶ
635 1507 798 1561 χάριτας
827 1508 930 1561 ἔχων
958 1509 1122 1560 πατρός;

103 1575 181 1613 HA.
201 1573 388 1623 ἥκει-τὸ
414 1574 557 1614 πιστὸν
583 1575 672 1615 τόδε
699 1575 831 1627 λόγων
860 1576 962 1622 ἐμῶν
989 1574 1167 1628 δέχου-
1375 1588 1437 1620 245

200 1639 370 1690 Ἑλένην
397 1641 588 1692 ἀγόμενος
615 1644 802 1692 Τρωικῶν
831 1643 871 1682 ἐκ
899 1640 1076 1695 τειχέων.

100 1709 171 1757 Ορ.
200 1707 232 1747 εἰ
257 1707 377 1757 μόνος
403 1708 546 1757 ἐσώθη,
576 1710 734 1758 μᾶλλον
760 1707 806 1748 ἂν
839 1708 1010 1759 ζηλωτὸς
1035 1707 1095 1759 ἧν·

200 1775 232 1813 εἰ
258 1773 290 1812 δ’
315 1774 466 1827 ἄλοχον
495 1774 644 1827 ἄγεται,
676 1774 793 1815 κακὸν
822 1775 926 1828 ἔχων
952 1775 1036 1825 ἥκει
1061 1775 1176 1827 μέγα.

103 1842 178 1880 HA.
199 1841 394 1891 ἐπίσημον
421 1841 528 1882 ἔτεκε
557 1841 788 1893 Τυνδάρεως
817 1843 855 1884 ἐς
880 1841 948 1882 τὸν
973 1843 1106 1894 ψόγον

198 1906 311 1958 γένος
337 1906 562 1960 θυγατέρων
589 1908 778 1951 δυσκλεές
805 1908 838 1949 τ’
865 1908 924 1950 ἀν’
949 1907 1139 1949 Ἑλλάδα.
1373 1921 1435 1952 250

141 2010 201 2038 227
229 2001 306 2031 ὅταν
329 1999 443 2032 Heath
460 2012 466 2031 τ
493 2001 570 2033 ὅταν
588 2003 619 2040 μ’
639 2002 735 2032 codd.
883 2002 945 2031 228
969 2002 1098 2042 navias]
1116 2001 1230 2042 μανιάς
1247 2001 1312 2041 legi
1331 2011 1432 2042 posse

96 2048 209 2074 monet
227 2048 250 2077 Σ
344 2046 490 2085 ἔναρθρος
509 2044 535 2074 L
689 2055 754 2084 229
777 2044 841 2085 τοι]
860 2058 892 2076 τι
908 2045 939 2074 V
1027 2045 1140 2085 δέμνια
1156 2045 1250 2076 Stob.
1269 2046 1300 2076 ss.
1322 2055 1392 2084 100,
1413 2055 1432 2074 2

97 2097 160 2125 230
194 2088 229 2118 ὒν
262 2087 315 2126 τὸ]
350 2087 409 2126 μὲν
442 2089 478 2119 τὸ
512 2088 632 2119 Stob.:
672 2090 710 2120 τὸ
743 2088 795 2119 A:
835 2088 914 2120 ὄντα
947 2088 1136 2127 Hermann,
1170 2087 1281 2128 δέμνια
1313 2088 1432 2127 legens

96 2140 155 2167 231
181 2129 230 2169 μ’ῑ,
254 2131 279 2162 δ’
299 2131 393 2161 Stob.
521 2132 719 2164 κάνακυκλεΐ
741 2131 766 2162 Ρ
943 2142 1005 2171 232
1031 2137 1086 2164 Χο.
1108 2136 1221 2163 notam
1239 2132 1432 2171 praefigunt

97 2172 170 2203 ΜΒ
183 2173 227 2203 V2
240 2174 284 2203 P:
314 2180 373 2206 HA.
397 2173 428 2205 A
443 2175 467 2204 L
618 2185 681 2213 233
708 2180 768 2207 Ηλ.
789 2185 852 2206 om.
869 2175 899 2206 V
912 2176 960 2206 L:
986 2175 1062 2206 add.
1080 2175 1124 2205 V2
1242 2176 1336 2215 γαίης
1354 2174 1386 2205 M
1401 2175 1432 2204 V

95 2216 176 2248 πόδα
195 2217 220 2247 Ρ
339 2228 402 2257 234
429 2219 599 2258 μεταβολὴ
617 2220 679 2258 ’γὰρ
692 2218 722 2248 V
809 2219 929 2259 γλυκύ]
950 2219 1007 2257 ἡδύ
1026 2218 1052 2249 Ρ
1069 2224 1073 2228 ’
1169 2219 1232 2258 236
1256 2218 1306 2256 BH
1325 2218 1387 2259 ’γὰρ
1405 2218 1431 2248 L

96 2261 159 2298 238
193 2263 286 2293 ἐῶσιν
307 2261 338 2292 εὖ
364 2262 394 2292 Μ
413 2272 419 2291 :
455 2264 549 2294 ἐῶσιν
567 2262 598 2294 σ’
617 2261 650 2293 εὖ
667 2261 717 2292 A:
752 2262 829 2294 ἐῶσι’
851 2261 881 2294 ‹r'
899 2262 933 2294 εὖ
952 2262 1024 2293 rell.
1041 2273 1047 2292 :
1082 2262 1111 2294 σ’
1131 2264 1225 2294 ἐῶσιν
1242 2262 1276 2294 εὖ
1293 2261 1430 2292 Brunck

96 2314 159 2342 239
186 2306 235 2336 καὶ
256 2306 281 2336 εἰ
301 2304 377 2334 MV
467 2305 556 2345 φέρει
575 2304 605 2336 Α
752 2315 817 2343 240
840 2306 878 2337 τὸ
898 2305 929 2336 Μ
947 2305 1025 2336 Bv:
1050 2308 1096 2336 τῶ
1112 2306 1163 2335 V:
1188 2307 1246 2337 τοῦ
1262 2303 1430 2336 AB2LP

96 2357 120 2376 2.
140 2357 157 2376 2
192 2348 334 2379 ναυπλίω
358 2348 397 2377 Β2
410 2348 477 2378 VL
491 2348 516 2378 P
658 2358 720 2387 244
746 2362 783 2380 τε
800 2349 851 2380 καὶ
869 2348 939 2379 AV
1028 2349 1148 2389 χάριτα
1167 2348 1198 2378 Μ
1289 2348 1386 2389 πατρί
1404 2347 1429 2378 Ρ

97 2401 114 2420 2
127 2401 160 2429 ι9
187 2392 235 2421 ἐπὶ
255 2390 344 2431 ψόγῳ
364 2391 546 2423 Wecklein
566 2392 735 2433 gnepurzrbv
752 2392 788 2424 τὸ
807 2392 920 2432 ἄρθρον
936 2396 959 2425 Σ
973 2391 1020 2433 Μ)
