1658 2740
698 136 908 172 ΕΛΕΝΗ

161 242 173 253 Ἴ
251 237 264 252 Ἰ
464 239 478 253 ὶΙ
642 239 649 251 Ν
757 238 767 250 N
842 238 850 251 Ι
1026 239 1035 251 Ι

147 242 216 278 Ιυλ.
244 256 426 286 ακουσον,
454 257 502 290 ην
528 256 564 279 τι
591 256 652 280 και
679 255 774 291 γυνη
802 238 898 294 λεξῃ
926 244 1070 290 σοφον.

243 305 374 361 βούλῃ
400 305 605 358 λέγεσθαι,
632 305 685 357 μὴ
712 305 855 351 θανών,
883 305 992 359 λόγῳ
1021 307 1174 351 θανεῖι’;
1386 318 1469 349 1050

144 374 221 411 Με.
245 371 362 413 κακὸς
386 375 459 423 μὲν
484 374 602 424 ὅρνις·
644 373 677 412 εἰ
704 374 745 412 δὲ
772 374 956 423 κερδανῶ,
983 371 1118 423 λέγειν

243 439 396 489 ἕτοιμός
421 440 498 490 εἰμι
522 439 573 490 μὴ
598 439 728 479 θανὼν
752 439 860 492 λόγῳ
887 440 1031 478 θανεῖν.

147 507 217 544 Ελ.
245 505 307 544 καὶ
332 505 408 556 μην
434 506 667 557 γυναικείοις
695 504 732 544 σ’
760 504 808 544 ἂν
833 506 1107 555 οἰκτισαίμεθα

245 575 420 623 κουραῖσι
447 572 509 612 καὶ
535 570 715 624 θρήνοισι
739 571 833 623 πρὸς
859 571 928 611 τὸν
953 571 1130 611 ἀνόσιον.

145 640 221 677 Me.
244 639 438 690 σωτηρίας
464 640 503 678 δὲ
529 638 633 677 τοῦτ’
660 639 744 690 ἔχει
768 639 809 677 τί
829 642 907 692 νῷν
933 637 1042 684 ἄκος;
1388 652 1468 682 1055

244 705 461 754 παλαιότης
487 705 561 757 γὰρ
586 708 638 758 τῷ
664 705 772 759 λόγῳ
798 704 834 756 γ’
861 704 996 745 ἔνεστί
1017 721 1088 746 τις.

146 774 218 810 Ελ.
246 771 297 812 ὡς
322 771 366 821 δῖ]
394 771 564 812 θανόντα
590 771 628 810 σ’
654 771 810 812 ἐνάλιον
836 776 931 826 κενῷ
956 771 1069 825 τάφῳ

244 836 370 890 θάψαι
394 839 585 889 τύραννον
609 840 730 888 τῆσδε
754 840 826 890 γῆς
850 837 1074 889 αἰτήσομαι.

146 906 222 943 Με.
246 904 307 944 καὶ
334 904 377 954 δῖ)
405 908 603 957 παρεῖκεν’
645 904 730 945 εἶτα
753 908 835 947 πῶς
860 904 951 945 ἄνευ
975 906 1072 946 νεὼς

246 971 543 1022 σωθησόμεσθα
573 971 851 1024 κενοταφοῦντ’
878 971 971 1022 ἐμὸν
995 971 1135 1022 ὃέμας;
1392 974 1475 1005 1060

147 1040 218 1076 Ελ.
249 1040 386 1077 δοῦναι
416 1039 593 1078 κελεύσω
620 1038 811 1090 πορθμίδ’,
838 1037 863 1093 ᾗ
889 1036 1110 1088 καθήσομαι

249 1104 396 1154 κόσμον
423 1103 536 1159 τάφῳ
565 1109 623 1159 σῷ
650 1106 864 1156 πελαγίους
889 1106 928 1145 ἐς
954 1103 1142 1156 ἀγκάλας.

146 1173 222 1209 Με.
246 1170 296 1211 ὡς
324 1170 364 1210 εὖ
388 1170 469 1210 τόδ’
497 1170 607 1212 εἶπας
633 1170 738 1221 πλὴν
763 1171 817 1211 ἕν·
859 1172 891 1211 εἰ
916 1169 1050 1224 χέρσῳ
1076 1171 1207 1222 ταφὰς

249 1239 373 1277 θεῖναι
403 1239 582 1278 κελεύσει
609 1237 659 1283 (τ’,
688 1237 799 1278 οὐδὲν
824 1237 846 1288 ἡ
873 1239 1023 1288 σκῆψις
1050 1236 1176 1289 φέρει.

148 1306 219 1342 Ελ.
248 1303 340 1343 ἀλλ’
371 1304 414 1343 οὐ
441 1305 612 1355 νομίζειν
638 1303 822 1356 φήσομεν
848 1303 933 1343 καθ’
959 1302 1138 1343 Ἑλλάδα
1390 1307 1475 1348 1065

249 1369 383 1425 χέρσῳ
413 1371 626 1412 καλύπτειν
651 1370 741 1412 τοὺς
767 1371 957 1412 θανόντας
983 1371 1176 1412 ἐναλίους.

149 1440 225 1477 Με.
247 1437 351 1477 τοῦτ’
378 1437 424 1477 αὖ
450 1441 664 1490 κατορθοῖς·
706 1437 772 1478 εἶτ’
799 1438 875 1490 ἐγὼ
901 1437 1207 1488 συμπλεύσομαι

251 1504 312 1544 καὶ
338 1504 578 1557 συγκαθήσω
606 1505 756 1555 κόσμον
782 1506 824 1544 ἐν
849 1504 974 1558 ταύτῷ
1001 1502 1162 1555 σκάφει.

150 1574 223 1612 Ελ.
253 1574 301 1612 σὲ
329 1573 390 1613 καὶ
417 1576 596 1624 παρεῖναι
620 1574 681 1611 δεῖ
702 1571 880 1622 μάλιστα
904 1570 993 1612 τούς
1019 1588 1060 1611 τε
1086 1571 1181 1612 σοὺς

249 1642 459 1691 πλωτῆρας
486 1640 597 1690 οἵπερ
624 1639 773 1690 ἔφυγον
798 1639 840 1677 ἐκ
866 1638 1064 1689 ναυαγίας.
1393 1649 1476 1679 1070

149 1707 225 1745 Με.
249 1706 312 1745 καὶ
336 1706 412 1756 μὴν
440 1705 581 1757 ἐάνπερ
607 1709 701 1745 ναῦν
727 1705 786 1746 ἐπ’
812 1705 982 1757 ἀγκύρας
1007 1703 1138 1754 λάβω,

249 1772 346 1824 ἀνὴρ
374 1772 464 1824 παρ’
493 1772 613 1824 ἄνδρα
640 1771 831 1821 στήσεται
856 1771 1094 1823 ξιφηφόρος.

150 1841 221 1878 Ελ.
250 1840 297 1878 σὲ
325 1838 399 1891 χρὴ
427 1839 644 1891 βραβεύειν
669 1838 810 1879 πάντα·
850 1839 1046 1889 πόμπιμοι
1069 1837 1191 1887 μόνον

195 1933 387 1971 1049-1085
413 1932 644 1972 paragraphos
662 1941 723 1970 pro
741 1941 960 1970 personarum
980 1930 1069 1960 notis
1086 1929 1189 1967 praef.
1207 1928 1232 1957 L
1327 1938 1408 1967 1049
1425 1930 1474 1959 καὶ

148 1985 213 2006 om.
230 1976 255 2005 P
311 1986 395 2015 1050
413 1978 522 2014 θανών,
540 1974 726 2012 τεθνηκέναι
739 1975 857 2013 Cobet,
870 1975 929 2003 sed
940 1973 979 2004 cf.
996 1972 1172 2011 sequentia
1230 1980 1308 2009 1051
1323 1974 1472 2012 κερδανῶ,

149 2018 241 2059 λέγε·
268 2018 422 2049 Seidler:
461 2019 584 2049 leniter
608 2018 774 2055 inridens,
800 2018 831 2047 ni
857 2017 963 2055 fallor⁷
992 2017 1088 2046 itcrat
1112 2016 1163 2045 vil*
1188 2025 1271 2053 quae
1296 2015 1352 2045 illa
1376 2014 1475 2044 nimis

148 2062 263 2092 timide
276 2063 360 2093 dixit
454 2072 536 2101 1053
551 2062 751 2103 ’γυναικείους
762 2060 789 2090 Ρ
865 2060 893 2091 σ’
906 2061 942 2092 ἂν
962 2060 1156 2089 Hermann:
1176 2059 1213 2089 ἂν
1228 2058 1253 2087 L
1267 2058 1291 2087 P
1393 2060 1475 2096 1056

150 2105 306 2136 Menelao
333 2106 508 2136 continuat
527 2106 574 2136 P:
600 2105 756 2135 Helenae
779 2103 892 2134 tribuit
918 2103 930 2132 l
952 2103 1062 2142 potius
1083 2112 1183 2141 quam
1209 2101 1245 2139 L,
1266 2101 1355 2131 idem
1381 2111 1474 2140 para-

149 2149 312 2188 graphum
331 2154 410 2179 ante
432 2159 512 2188 1057
530 2149 662 2178 videtur
678 2147 847 2178 delevisse
1064 2146 1202 2183 ἂπαιόλη
1218 2146 1279 2186 ’γὰρ
1298 2145 1474 2175 Hermann

152 2201 236 2230 1059
260 2196 410 2234 παρεῖκεν
443 2193 625 2222 Musurus:
662 2193 803 2232 παρῆκεν
836 2190 903 2220 LP
1092 2191 1175 2219 1060
1208 2199 1311 2227 supra
1345 2201 1473 2220 κενοτα-

149 2234 263 2276 φοῦντ’
280 2245 343 2266 Ser.
363 2239 474 2268 δυικῶς
491 2236 523 2266 in
545 2235 570 2265 L
679 2236 758 2264 1061
779 2234 960 2273 καθήσομεν
972 2232 1086 2263 Heath
1201 2233 1282 2262 1062
1300 2235 1474 2272 πελαγίους

151 2278 332 2316 Frstzsche,
350 2278 390 2310 cl.
411 2280 493 2318 1436
510 2290 517 2309 :
542 2278 698 2319 πελαγίας
716 2278 742 2307 L
758 2277 784 2307 P
909 2279 940 2309 ἐς
957 2277 1010 2307 hie
1028 2276 1054 2306 L
1067 2276 1093 2306 P
1228 2276 1309 2314 1064
1327 2275 1474 2307 κελεύσει

149 2322 254 2354 Ludv.
276 2323 442 2353 Dindorf:
466 2322 590 2354 κελεύει
610 2321 672 2352 LP
771 2320 801 2352 π’
820 2320 860 2350 L2
873 2321 918 2352 P:
945 2333 981 2352 σε
1001 2320 1046 2351 L:
1073 2321 1104 2352 ἐς
1123 2318 1298 2349 Markland
1393 2320 1473 2357 1067

148 2366 233 2442 7723?
252 2366 290 2398 αὖ
308 2366 348 2440 LI}
361 2366 387 2396 Ρ
399 2379 404 2398 ;
430 2365 520 2398 ταῦτ’
531 2365 586 2398 οὖν
596 2370 632 2397 ut
644 2365 776 2396 videtur
790 2364 816 2394 L
909 2366 992 2404 1069
1007 2363 1075 2404 καὶ]
1087 2364 1150 2405 γὰρ
1162 2362 1294 2394 Dobree
1392 2372 1473 2401 1073

149 2424 171 2441 π
191 2424 303 2450 μποιμι
