1658 2740
349 133 670 170 UDII'ENEIA
725 132 759 168 Η
814 130 889 168 EN
940 129 1154 167 ΑΎΛΙΔΙ

391 237 515 287 δίδυμ’
536 236 665 288 ’Έρως
692 237 712 275 ὁ
739 235 989 288 χρυσοκόμας

390 303 474 354 τόξ’
502 305 713 344 ἐντείνεται
740 302 923 354 χαρίτων,

390 370 433 410 τὸ
457 372 528 421 μὲν
554 368 615 409 ἐπ’
643 369 800 409 εὐαίωνι
826 368 974 420 πότμῳ,
1345 375 1409 406 550

390 436 434 476 τὸ
459 437 492 476 δ’
518 436 582 475 ἐπὶ
608 435 806 487 συγχύσει
831 435 982 485 βιοτᾶς.

390 501 572 543 ἀπενέπω
599 518 660 541 νιν
686 499 899 552 ἁμετέρων,

391 568 518 619 Κύπρι
544 569 755 612 καλλίστα,
784 566 983 617 θαλάμων.

459 635 516 684 εἵη
542 633 584 674 δέ
607 650 674 684 μοι
697 633 835 685 μετρία
858 634 930 683 μὲν

523 698 648 753 χάρις,
676 700 793 739 πόθοι
819 698 850 739 δ’
876 699 993 744 ὅσιοι,
1347 707 1410 739 555

392 767 454 806 καὶ
478 766 683 819 μετέχοιμι
708 768 777 808 τᾶς
802 765 989 817 Ἀφροδί-

458 850 540 878 τας,
568 833 725 873 πολλὰν
751 831 783 871 δ’
810 833 1038 882 ἀποθείμαν.

307 951 342 953 ⁷
392 924 574 978 διάφοροι
599 928 639 966 δὲ
667 926 809 978 φύσεις
834 929 1004 977 βροτῶν,
1313 919 1412 974 [ἀντ.

395 991 576 1044 διάφοροι
602 994 643 1032 δὲ
669 992 821 1043 τρόποι·
860 991 903 1030 τὸ
929 991 961 1031 δ’
989 993 1052 1041 ὀρ-

461 1061 535 1100 θῶς
562 1057 709 1098 ἐσθλὸν
737 1060 867 1110 σαφὲς
893 1058 980 1098 αἰεί·
1354 1057 1415 1097 550

393 1126 542 1177 τροφαί
566 1124 598 1164 θ’
625 1126 663 1164 αἱ
690 1125 967 1175 παιδευόμεναι

393 1190 495 1243 μέγα
520 1189 685 1243 φέρουσ’
714 1192 753 1231 ἐς
777 1192 848 1230 τὰν
873 1187 1028 1242 ἀρετάν·

397 1258 443 1297 τό
467 1274 509 1297 τε
535 1258 609 1309 γὰρ
634 1257 834 1297 αἰδεῖσθαι
860 1257 998 1307 σοφία,

396 1321 466 1364 τάν
491 1322 525 1363 τ’
552 1320 892 1374 ἐξαλλάσσουσαν
918 1322 1001 1375 ἔχει

397 1388 513 1442 χάριν
536 1389 611 1430 ὑπὸ
636 1390 797 1442 γνώμας
822 1391 968 1442 ἐσορᾶν
1357 1390 1420 1430 565

399 1456 443 1496 τὸ
468 1455 568 1502 δέον,
597 1456 692 1496 ἔνθα
719 1454 814 1506 δόξα
839 1455 952 1509 φέρει

401 1521 515 1564 κλέος
541 1521 742 1574 ἀγήρατον
767 1523 899 1577 βιοτᾷ.

399 1588 501 1641 μέγα
526 1605 562 1629 τι
589 1588 768 1640 θηρεύειν
793 1586 949 1640 ἀρετάν,

469 1654 623 1707 γυναιξὶ
648 1657 720 1705 μὲν
749 1656 845 1694 κατὰ
873 1655 1024 1706 Κύπριν

536 1718 722 1772 κρυπτάν,
753 1722 794 1760 ἐν
820 1719 985 1773 ἀνδράσι
1009 1720 1042 1760 δ’
1068 1720 1115 1760 αἳ)
1359 1732 1423 1763 570

405 1787 552 1838 κόσμος
578 1787 676 1827 ἐνὼν
703 1787 722 1825 ὁ
747 1792 962 1838 μυριοπλη-

472 1853 541 1903 θὴς
565 1853 683 1904 μείζω
710 1853 828 1893 πόλιν
853 1852 972 1904 αὔξει.

304 1968 368 1973 —-
407 1947 559 1998 ἔμολες,
587 1944 615 1986 ὦ
642 1944 780 1998 Πάρις,
808 1945 876 2002 ᾗτε
902 1947 954 1986 σύ
977 1964 1023 1999 γε

403 2013 602 2064 βουκόλος
628 2013 835 2064 ἀργενναῖς
860 2011 1033 2065 ἐτράφης

149 2106 214 2144 548
239 2108 255 2137 ὁ
271 2104 476 2145 χρυσοκόμας
494 2106 568 2146 ἔρως
587 2104 613 2134 L
628 2104 654 2134 P
672 2116 678 2135 :
704 2104 776 2134 trai.
796 2103 837 2134 L2
850 2103 890 2134 ΡΩ
1012 2113 1076 2143 550
1099 2104 1227 2146 πότμῳ]
1245 2104 1330 2147 τύχᾳ
1347 2105 1425 2137 Ath.

107 2148 176 2180 xiii.
196 2159 227 2187 p.
245 2149 308 2186 562
326 2147 353 2177 Ε
452 2157 515 2186 552
540 2147 707 2179 ἀπενὸεέπω
726 2147 774 2178 L:
801 2146 984 2179 ἆπεννέπων
1002 2147 1050 2178 P:
1073 2157 1159 2178 Corr-
1178 2147 1218 2178 P2
1318 2158 1381 2188 553
1406 2149 1428 2180 ὦ

107 2191 200 2232 κύπρι
217 2191 374 2230 primitus
393 2190 419 2220 L
435 2190 462 2220 P
546 2199 606 2229 557
633 2189 660 2221 δ’
679 2190 807 2220 Reiske
825 2201 832 2220 τ
856 2189 885 2221 τ’
904 2189 969 2220 LP
1048 2200 1113 2229 559
1137 2190 1280 2232 διάφοροι
1297 2191 1428 2231 Hoepf-

109 2244 170 2264 ner
187 2245 194 2264 :
219 2233 380 2275 διάτροποι
400 2233 426 2263 L
441 2233 467 2264 P
638 2232 776 2274 τρόποις·
795 2235 810 2264 ὁ
828 2233 854 2265 δ’
873 2233 960 2274 ὀρθὸς
975 2233 1001 2263 L
1016 2233 1063 2264 P:
1087 2243 1172 2264 corr.
1192 2234 1323 2265 Bal-nes
1342 2234 1428 2265 Mus⁴

109 2287 210 2316 grave
314 2278 379 2316 560
403 2277 450 2308 ἀεί
468 2275 508 2306 P²
611 2277 674 2314 562
700 2278 731 2308 ἐς
748 2275 776 2306 Ρ
791 2287 798 2306 :
823 2277 865 2308 εἰς
885 2276 960 2306 LP²
1063 2278 1122 2308 τὰν
1139 2277 1166 2306 L
1178 2277 1204 2307 P
1222 2289 1229 2308 :
1253 2277 1318 2309 del.
1340 2277 1380 2308 L²
1391 2277 1431 2308 P²

110 2321 174 2359 566
187 2319 264 2360 δόξα
274 2318 403 2349 Barnes
419 2330 425 2351 ε
445 2319 540 2360 δόξαν
553 2319 578 2349 L
594 2318 620 2349 P
695 2319 757 2357 567
780 2320 919 2360 ἀγήραον
932 2319 1065 2350 Ritschl
1126 2323 1224 2362 βιοτᾷ
1235 2320 1410 2351 Markland
1424 2332 1431 2350 :

111 2363 227 2401 βιοτὰν
246 2362 271 2392 L
287 2362 312 2392 P
513 2371 577 2401 570
601 2364 760 2402 κρυπτὰν*
781 2361 807 2392 P
821 2373 828 2392 :
853 2362 913 2392 suit
924 2362 956 2402 ’γ’
974 2362 1028 2393 vel
1045 2363 1072 2394 δ’
1250 2366 1284 2395 ἐν
1301 2363 1430 2405 ἀνδράσι

113 2405 139 2437 δ’
159 2405 199 2434 L²
214 2404 254 2434 P²
269 2416 274 2435 :
301 2408 335 2437 ἐν
351 2404 378 2437 δ’
397 2405 545 2447 ἀνδράσιν
563 2405 588 2435 L
603 2405 628 2434 P
717 2415 776 2444 571
806 2406 884 2437 ἐνὼν
902 2405 1076 2436 Markland
1094 2418 1101 2436 Ξ
1126 2407 1215 2438 ἔνδον
1241 2407 1266 2437 L
1278 2407 1304 2437 P
