1658 2740
662 139 942 176 ΟΡΕΣΤΗΣ

305 244 392 283 τίνα
418 246 492 296 γὰρ
517 243 574 283 ἔτι
600 243 722 296 πάρος
748 243 853 283 οἶκον
880 244 1012 296 ἕτερον
1038 241 1060 293 ἦ
1086 247 1152 284 τὸν
1178 244 1255 284 ἀπὸ

374 311 572 362 θεογόνων
599 308 747 362 γάμων,

373 380 439 417 τὸν
466 378 543 417 ἀπὸ
567 375 789 422 Ταντάλου,
819 376 1023 427 σέβεσθαί
1043 395 1090 428 με
1117 377 1213 431 χρή;

140 505 197 510 —
247 478 309 518 καὶ
333 477 410 528 μὴν
435 477 632 528 βασιλεὺς
657 478 723 517 ὅδε
748 477 793 527 δὴ
821 478 985 530 στείχει,

245 543 452 586 Μενέλαος
477 542 587 594 ἄναξ,
617 544 747 600 πολλῇ
771 544 978 600 ἁβροσύνῃ

243 613 362 660 δῆλος
389 611 558 662 ὁρᾶσθαι
1410 624 1471 655 350

243 680 321 717 τῶν
345 679 602 717 Τανταλιδῶν
628 676 675 727 ἐξ
697 677 860 727 αἵματος
885 677 951 718 ὤν.

243 740 272 783 ὦ
297 744 503 796 χιλιόναυν
530 743 700 796 στρατὸν
726 742 903 795 ὁρμήσας

244 811 284 852 ἐς
309 812 384 862 γῆν
409 808 565 856 Ἀσίαν,

245 876 365 930 χαῖρ’,
394 876 552 931 εὐτυχίᾳ
577 876 609 916 δ’
635 877 749 918 αὐτὸς
774 878 938 929 ὁμιλεῖς,

312 945 448 984 θεόθεν
474 942 625 996 πράξας
650 943 748 997 ἅπερ
774 945 910 998 ηὔχου.
1416 957 1475 988 355

146 1035 215 1064 ΜΕ
226 1033 253 1063 N
268 1035 293 1063 E
304 1035 329 1063 Λ
341 1035 368 1063 A
379 1034 438 1063 ΟΣ

245 1092 274 1133 ὦ
301 1097 420 1144 δῶμα,
448 1094 494 1150 τῇ
516 1093 588 1145 μέν
615 1093 653 1133 σ’
679 1093 802 1144 ἡδέως
827 1094 1118 1146 προσδέρκομαι

246 1161 439 1212 Τροίαθεν
466 1161 605 1205 ἐλθών,
633 1166 681 1217 τῇ
708 1160 740 1200 δ’
767 1161 859 1201 ἰδὼν
886 1161 1126 1201 καταστένω·

247 1226 376 1281 κύκλῳ
402 1228 478 1279 γὰρ
504 1228 753 1279 εἱλιχθεῖσαν
779 1227 926 1269 ἀθλίως
953 1231 1083 1270 κακοῖς

247 1292 445 1333 οὐπώποτ’
471 1292 601 1343 ἄλλην
626 1295 783 1343 μᾶλλον
810 1293 914 1334 εἶδον
938 1294 1087 1334 ἑστίαν.
1365 1331 1367 1333 .

246 1359 545 1412 Ἀγαμέμνονος
569 1362 641 1411 μὲν
667 1361 742 1412 γὰρ
767 1360 890 1413 τύχας
914 1359 1141 1412 ἠπιστάμην
1418 1364 1480 1406 360

249 1427 310 1467 καὶ
337 1424 521 1473 θάνατον,
551 1427 618 1481 οἵῳ
645 1429 741 1479 πρὸς
767 1425 960 1479 δάμαρτος
985 1428 1121 1474 ὤλετο,

249 1492 395 1547 Μαλέᾳ
421 1494 658 1547 προσίσχων
683 1497 854 1548 πρῷραν·
900 1495 942 1534 ἐκ
967 1497 1008 1535 δὲ
1033 1493 1212 1546 κυμάτων

248 1559 268 1601 ὁ
295 1562 520 1601 ναυτίλοισι
544 1558 682 1612 μάντις
711 1559 921 1613 ἐξήγγειλέ
943 1578 1010 1613 μοι

251 1626 416 1679 Νηρέως
442 1626 649 1679 προφήτης
675 1631 863 1674 Γλαῦκος,
889 1627 1065 1680 ἀψευδὴς
1091 1629 1191 1673 θεός,

250 1694 292 1735 ὅς
315 1710 383 1744 μοι
409 1693 487 1734 τόδ’
515 1693 624 1734 εἶπεν
651 1695 839 1746 ἐμφανῶς
866 1695 1137 1735 κατασταθείς·
1416 1696 1476 1738 365

251 1759 449 1806 Μενέλαε,
479 1763 601 1801 κεῖται
628 1760 699 1802 σὸς
728 1761 965 1813 κασίγνητος
991 1761 1133 1807 θανών,

189 1861 252 1891 345
276 1862 325 1892 sq.
350 1852 436 1885 οἶκον
459 1852 569 1893 ἕτερον
589 1851 621 1882 Μ
638 1851 682 1883 L:
711 1852 797 1884 οἶκον
816 1853 919 1884 ἄλλον
938 1852 988 1882 A:
1015 1853 1101 1884 οἶκον
1122 1853 1225 1884 ἄλλον
1243 1852 1352 1893 ἕτερον
1370 1852 1397 1882 Β
1411 1852 1441 1882 V
1454 1852 1480 1883 P

146 1897 211 1936 346
235 1899 299 1928 ’τῶν
318 1895 373 1926 M:
397 1905 482 1926 corr.
506 1895 554 1925 Μ2
655 1905 718 1934 347
744 1896 818 1936 τὸν]
837 1899 902 1927 τῶν
921 1895 946 1925 L
1034 1897 1066 1934 μ’
1086 1898 1186 1937 ἐχρῆν
1203 1895 1229 1925 L
1331 1897 1396 1934 348
1420 1895 1480 1928 ὧδε

147 1939 222 1969 MP
332 1940 371 1978 δὴ
399 1949 461 1970 om.
494 1939 532 1977 L,
559 1939 635 1970 add.
666 1943 722 1969 aut
752 1939 824 1978 ipse
855 1944 911 1969 aut
941 1943 1111 1969 corrector
1139 1948 1241 1977 supra
1353 1940 1479 1979 στείχει

147 1983 218 2015 ποδὶ
249 1982 275 2012 Ρ
427 1992 492 2022 349
529 1984 605 2023 ἄναξ
634 1992 698 2013 om.
729 1983 822 2013 codd.
856 1983 976 2012 Dionis
1008 1982 1131 2021 Chrys
1160 1982 1190 2011 ii.
1217 1992 1278 2019 42:
1314 1982 1430 2012 habuit
1455 1987 1478 2016 Σ

146 2028 257 2068 πολλῇ
275 2036 360 2057 rece
375 2028 515 2064 ζπολλὴ
534 2027 560 2058 δ’
578 2025 632 2056 vel
651 2029 758 2068 πολῖᾓ
785 2025 812 2058 δ’
832 2024 882 2055 M²
894 2025 937 2056 B²
960 2026 1029 2056 rell.
1054 2031 1100 2059 Σι
1124 2026 1207 2056 πολὺ
1230 2026 1256 2056 δ
1276 2024 1372 2055 MB:
1396 2027 1480 2057 πολὺ

147 2070 174 2101 δ’
203 2074 237 2100 et
270 2071 377 2112 πολλῇ
408 2069 442 2110 γ’
468 2074 501 2100 et
528 2070 611 2101 πολὺ
639 2069 734 2100 codd.
769 2069 888 2099 Dionis
916 2069 1063 2109 Chr3s.:
1097 2069 1191 2100 ποδὸς
1221 2059 1435 2098 kirchhoff
1425 2071 1479 2111 τῇ

146 2115 250 2155 τρυφῇ
280 2115 338 2145 τοῦ
364 2113 563 2152 βαδίσματος
588 2113 607 2151 ἢ
635 2115 693 2149 τῆς
724 2112 823 2153 ὅψεως
849 2112 892 2152 Σ)
1007 2123 1068 2151 351
1105 2114 1161 2143 τοῦ
1185 2114 1387 2143 Τανταλιδᾶν
1414 2103 1478 2142 Dio

146 2165 210 2194 352
244 2157 376 2197 ὁρμίσας
402 2155 571 2186 M²AVP
739 2157 803 2194 356
834 2158 877 2197 πῇ
904 2154 960 2185 Pv
1137 2164 1198 2194 357
1233 2157 1275 2196 πῇ
1299 2165 1341 2185 v:
1375 2168 1427 2186 ποι
1453 2155 1480 2185 Ρ

146 2200 211 2238 358
245 2200 359 2232 ἀθλίως
392 2198 441 2229 Μ2
461 2199 508 2230 L:
546 2200 652 2231 ἄθλιος
686 2198 741 2230 M:
779 2199 898 2230 ἀθλίοις
931 2196 1003 2229 rell.
1193 2200 1257 2236 360
1293 2198 1479 2240 ἐπῃσθόμην

149 2241 350 2273 Heimsoeth
526 2243 589 2281 361
624 2243 718 2274 ὤλεθ’
744 2244 797 2275 ἑᾶς
819 2242 850 2271 V
1017 2241 1081 2279 362
1112 2242 1237 2281 μαλέαν
1263 2241 1417 2280 primitus
1444 2241 1475 2271 Μ

146 2287 210 2324 364
235 2285 391 2326 Γλαῦκος]
416 2285 528 2324 μάντις
553 2285 585 2316 Μ
613 2290 645 2316 et
669 2287 810 2318 Γλαῦκος
835 2285 867 2315 in
894 2295 1009 2315 rasura
1034 2284 1134 2315 habet
1160 2284 1188 2314 B
1321 2285 1384 2323 365
1408 2284 1477 2316 τόδ’

149 2328 181 2359 Μ
193 2328 263 2358 AV
275 2329 300 2359 L
313 2329 357 2360 P:
383 2329 454 2361 τάδ’
473 2329 527 2359 Bl
626 2329 770 2360 fortasse
788 2329 930 2369 ἐμφανὴς
1031 2328 1242 2361 κατασταθείς
1259 2327 1291 2358 M
1305 2327 1336 2357 A
1350 2327 1376 2357 B
1392 2327 1417 2357 L
1429 2328 1454 2357 P
1470 2340 1476 2358 :

146 2373 358 2415 παρασταθείς
373 2372 426 2403 Vl

1285 2448 1345 2480 11*
