1658 2740
391 123 713 160 ΙψΙΓΕΝΕΙΑ
767 125 801 161 ll
854 125 932 161 EN
982 125 1201 162 ΛΎΛΙΔΙ

231 226 337 266 ἀλλὰ
363 227 424 266 καὶ
450 226 622 277 βέβαιον
648 227 745 267 εἶναι
770 228 857 267 τότε
883 227 1062 277 μάλιστα
1088 231 1171 270 τοῖς
1196 228 1344 280 φίλοις,

232 291 330 342 ἡνίκ’
356 292 528 344 ὠφελεῖν
553 292 729 343 μάλιστα
753 293 917 335 δυνατός
946 295 1058 334 ἐστιν
1085 294 1272 346 εὐτυχῶν.

295 362 415 398 ταῦτα
430 358 502 409 μέν
519 376 565 400 σε
582 359 700 410 πρῶτ’
712 360 899 409 ἐπῆλθον,
912 360 975 399 ἵνα
993 377 1039 400 σε
1057 359 1178 411 πρῶθ’
1188 360 1307 411 ηὗρον
1324 360 1454 400 κακόν.

232 424 282 465 ὡς
301 424 334 464 δ’
355 426 394 466 ἐς
412 426 535 465 Αὖλιν
556 424 674 474 ἦλθες
695 425 803 466 αὖθις
823 426 881 478 χὼ
905 424 1180 476 Πανελλήνων
1197 426 1376 478 στρατός,
1396 439 1456 469 350

231 490 342 531 οὐδὲν
368 489 470 541 ἦσθ’,
499 490 590 531 ἀλλ’
617 489 871 541 ἐξεπλήσσου
899 497 948 548 τῇ
973 492 1073 548 τύχῃ
1100 498 1147 549 τῇ
1171 496 1248 533 τῶν
1273 495 1385 538 θεῶν,

230 556 360 607 οὐρίας
386 559 542 608 πομπῆς
568 558 782 608 σπανίζων·
826 558 1022 599 Δαναΐδαι
1047 558 1082 598 δ’
1108 558 1270 611 ἀφιέναι

229 627 319 666 ναῦς
344 622 595 676 διήγγελλον,
624 623 751 675 μάτην
777 626 818 665 δὲ
845 625 898 675 μὴ
925 629 1061 666 πονεῖν
1088 626 1131 665 ἐν
1157 625 1308 665 Αὐλίδι.

229 688 277 731 ὡς
302 689 480 740 ἄνολβον
508 690 612 744 εἶχες
638 693 743 741 ὄμμα
769 691 971 745 σύγχυσίν
997 690 1043 738 τ’,
1073 693 1106 732 εἰ
1129 691 1182 743 μὴ
1209 695 1308 732 νεῶν

230 757 371 808 χιλίων
397 756 532 810 ἄρχων
557 757 602 797 τὸ
628 757 810 809 Πριάμου
838 759 974 799 πεδίον
1001 756 1221 809 ἐμπλήσεις
1248 757 1371 809 δορός.
1395 771 1454 802 355

232 823 327 873 κάμὲ
370 822 618 875 παρεκάλεις·
680 825 735 864 Τί
774 824 928 876 δράσω;
989 826 1077 865 τίνα
1111 826 1153 865 δὲ
1194 824 1315 876 πόρον
1358 825 1455 876 εὕρω

398 890 599 937 ‘novem—

230 955 334 997 ὥστε
358 955 410 1007 μὴ
437 956 627 1008 στερέντα
655 956 694 996 σ’
721 957 846 1011 ἀρχῆς
873 957 1075 998 ἀπολέσαι
1101 957 1224 998 καλὸν
1250 956 1377 1000 κλέος.

232 1020 322 1076 κᾷτ’,
351 1023 435 1063 ἐπεὶ
463 1021 628 1076 Κάλχας
657 1024 700 1063 ἐν
726 1024 844 1074 ἱεροῖς
869 1023 953 1064 εἶπε
980 1023 1056 1073 σὴν
1082 1025 1199 1064 θῦσαι
1224 1024 1342 1076 κόρην

230 1087 441 1140 Ἀρτέμιδι,
467 1089 529 1129 καὶ
549 1092 674 1130 πλοῦν
697 1088 863 1130 ἔσεσθαι
885 1089 1113 1137 Δαναΐδαις,
1134 1090 1270 1140 ἡσθεὶς
1290 1089 1438 1142 φρένας

229 1153 402 1206 ἄσμενος
429 1155 565 1196 θύσειν
591 1154 766 1205 ὑπέστης
790 1158 924 1196 παῖδα·
965 1157 1028 1197 καὶ
1052 1155 1219 1207 πέμπεις
1244 1156 1356 1203 ἑκών,
1394 1159 1455 1200 360

231 1221 276 1261 οὐ
299 1221 492 1276 βίᾳ-μὴ
518 1225 634 1262 τοῦτο
659 1220 893 1280 λέξῃς-σῇ
919 1222 1096 1274 δάμαρτι,
1123 1225 1244 1263 παῖδα
1269 1222 1346 1272 σὴν

233 1287 332 1340 δεῦρ’
358 1287 639 1335 ἀποστέλλειν,
668 1287 856 1342 Ἀχιλλεῖ
879 1290 1086 1342 πρόφασιν
1110 1288 1158 1331 ὡς
1187 1288 1451 1341 γαμουμένην.

233 1353 316 1409 κᾷθ’
342 1354 601 1407 ὑποστρέψας
625 1353 807 1407 λέληψαι
831 1356 1072 1406 μεταβαλὼν
1097 1355 1224 1397 ἄλλας
1249 1354 1418 1408 γραφάς,

231 1421 282 1463 ὡς
306 1421 451 1474 φονεὺς
477 1420 606 1462 οὐκέτι
633 1421 823 1474 θυγατρὸς
850 1424 924 1473 σῆς
949 1421 1036 1478 ἔσῃ.
1107 1420 1284 1473 μάλιστά
1308 1439 1366 1474 γε.

230 1487 342 1530 οὗτος
367 1488 483 1530 αὑτός
512 1489 623 1529 ἐστιν
650 1487 764 1540 αἰθὴρ
790 1487 832 1530 ὃς
857 1487 939 1529 τάδ’
965 1488 1135 1539 ἤκουσεν
1161 1488 1290 1529 σέθεν.
1394 1492 1452 1532 365

229 1555 357 1607 μυρίοι
385 1554 428 1595 δέ
450 1571 510 1595 τοι
535 1554 755 1596 πεπόνθασ’
783 1555 891 1595 αὐτό·
929 1555 1025 1603 πρὸς
1050 1557 1098 1595 τὰ
1122 1554 1334 1607 πράγματα

232 1620 437 1662 ἐκπονοῦσ’
465 1621 637 1674 ἔχοντες,
665 1622 749 1662 εἶτα
777 1621 810 1661 δ’
837 1620 1092 1675 ἐξεχώρησαν
1118 1625 1255 1667 κακῶς,

231 1689 278 1728 τὰ
302 1689 373 1738 μὲν
397 1687 471 1728 ὑπὸ
495 1688 653 1740 γνώμης
683 1691 859 1728 πολιτῶν
884 1686 1089 1734 ἀσυνέτου,
1117 1689 1164 1728 τὰ
1190 1687 1223 1727 δ’
1250 1689 1407 1730 ἐνδίκως

231 1754 412 1795 ἀδύνατοι
437 1758 608 1807 γεγῶτες
636 1753 745 1793 αὐτοὶ
773 1753 1095 1806 διαφυλάξασθαι
1119 1755 1249 1794 πόλιν.

229 1819 426 1863 Ἑλλάδος
450 1819 613 1872 μάλιστ’
638 1820 765 1872 ἔγωγε
791 1823 859 1870 τῆς
884 1821 1134 1873 ταλαιπώρου
1161 1820 1300 1866 στένω,
1393 1833 1455 1864 370

173 1923 236 1952 349
260 1912 318 1952 μέν
335 1926 372 1945 σε
392 1913 416 1943 L
429 1913 455 1943 P
470 1926 475 1944 ζ
499 1913 558 1953 μέν
575 1926 625 1945 σοι
637 1918 662 1952 p
678 1912 731 1943 Vel
750 1912 790 1942 Ρ2
892 1912 1002 1954 ηὗρον]
1023 1912 1112 1954 εὗρον
1129 1913 1272 1943 Reiske:
1299 1914 1375 1954 εὕρω
1392 1913 1416 1943 L
1429 1913 1455 1943 P

129 1956 228 1988 κακόν
246 1957 271 1986 L
287 1957 348 1987 sed
365 1970 403 1988 ακ
421 1966 502 1987 corr.
520 1956 572 1986 vel
590 1966 690 1986 rescr.
712 1955 752 1985 L2
865 1965 928 1995 350
952 1955 1048 1994 ἦλθες
1069 1955 1248 1986 Musurus:
1271 1955 1368 1993 ἦλθεν
1386 1956 1412 1986 L
1427 1956 1453 1986 P

130 2001 218 2032 αὖτις
232 2001 283 2031 καὶ
301 2002 317 2031 ὁ
335 2000 361 2030 L
374 1999 400 2030 P
488 2009 547 2038 351
575 1999 638 2030 del.
658 1998 838 2029 Wecklein
940 2008 1003 2038 354
1029 2001 1065 2030 ὡς
1083 1998 1109 2031 δ’
1129 1998 1169 2029 L²
1183 1998 1223 2028 Ρ2
1314 1998 1411 2038 ὄνομα
1426 1999 1452 2029 Ρ

129 2052 193 2083 354
217 2053 267 2083 sq.
294 2042 323 2075 τ’
343 2044 371 2075 εἴ
392 2043 436 2083 μὴ
452 2066 460 2073 .
480 2066 488 2073 .
508 2065 516 2073 .
539 2042 715 2080 ἐμπλήσεις
740 2041 936 2080 Musgrave:
967 2056 1004 2074 τε
1027 2043 1070 2081 μὴ
1089 2066 1096 2073 .
1118 2065 1125 2072 .
1145 2067 1153 2074 .
1174 2042 1340 2081 ἐμπλήσας
1361 2042 1386 2072 L
1403 2042 1452 2073 P:

130 2101 166 2118 τε
179 2088 222 2126 μὴ
238 2088 272 2118 οὐ
285 2111 291 2117 .
303 2109 311 2118 .
325 2110 332 2118 .
348 2086 518 2128 ἐμπλήσῃς
530 2085 709 2116 Wecklein
810 2094 873 2124 355
897 2087 936 2117 τὸ
951 2086 1089 2126 Πριάμου
1101 2099 1137 2117 τε
1152 2085 1178 2115 L
1191 2085 1217 2115 P
1233 2098 1239 2116 ε
1264 2085 1398 2126 πριᾶμου
1415 2099 1452 2117 τε

131 2129 184 2160 L2:
205 2140 290 2160 corr.
304 2129 450 2170 Elmsley
521 2129 585 2168 356
598 2129 670 2160 τίνα
684 2128 719 2160 δὲ
732 2128 772 2158 L²
784 2128 845 2158 1³2:
861 2128 1005 2160 ‘rivaLP
1069 2128 1166 2160 πόθεν
1177 2128 1282 2159 Ludv.
1294 2128 1451 2159 Dindors:

129 2172 225 2205 ποθὲν
238 2172 300 2203 LP
387 2171 447 2204 τίν’
459 2173 581 2214 ἀπορῶν
593 2171 733 2213 (ἀπόρων
746 2171 851 2212 Weil)
865 2173 941 2213 εὕρω
954 2171 1070 2213 πόρον;
1091 2172 1208 2202 Nauck
1298 2181 1360 2210 357
1380 2184 1452 2203 στε-

129 2216 243 2257 ρέντας
260 2217 361 2259 ἀρχῆς
378 2215 559 2255 Musgrave
648 2216 711 2253 362
736 2214 916 2247 ἀπόστελλ’
936 2215 980 2247 Ρ;
1003 2225 1086 2246 corr.
1109 2214 1149 2245 Ρ2
1238 2216 1302 2254 363
1320 2225 1368 2254 sq.
1386 2215 1451 2246 del.

132 2259 248 2291 Nauck
365 2260 429 2299 363
454 2258 593 2296 λέλησαι
613 2258 651 2288 L2
663 2258 703 2289 Ρ2
815 2260 879 2297 365
904 2259 997 2291 αὐτὸς
1016 2259 1041 2288 L
1056 2258 1082 2288 P
1203 2260 1267 2298 366
1291 2262 1450 2298 punctum

130 2307 204 2342 post
220 2302 299 2335 αὐτό
315 2313 387 2342 pos.
409 2302 586 2333 Wecklein
726 2302 789 2340 367
816 2301 982 2342 ἐγκονοῦσ’
1000 2301 1180 2332 Wecklein
1322 2301 1452 2334 ἑκόντες

130 2347 256 2377 Canter
336 2346 399 2385 368
415 2346 544 2387 ’γνώσης
560 2345 713 2385 primitus
729 2345 755 2375 P
814 2355 844 2377 v.
862 2345 994 2375 delebat
1008 2340 1182 2376 Hermann
1259 2355 1324 2385 370
1342 2345 1451 2376 Eubu-

131 2390 181 2421 lus
197 2401 250 2431 ap.
268 2389 391 2421 Athen.
411 2389 479 2421 xiii.
499 2390 563 2430 569
578 2388 609 2419 A
627 2388 782 2421 Ἑλλάδος
809 2388 913 2430 ἔγω-γε
938 2391 994 2427 τῆς
1017 2390 1218 2431 ταλαιπώρου
1241 2388 1452 2431 [περι]στένω
