1658 2740
636 116 979 153 ΕΥΡΙΠΙΔΟΥ

369 220 576 261 ἀσπίδας
604 219 763 270 ἕθηκε,·
807 218 964 271 μήποτ’,
991 218 1021 260 ὦ
1046 219 1196 267 τέκνον,
1225 219 1338 263 κλέος

369 287 519 327 τοιόνδε
546 303 612 327 σοι
641 285 786 339 γένοιθ’
813 286 881 338 ὑφ’
909 285 1118 337 Ἑλλήνων
1142 291 1300 338 λαβεῖν.

367 350 415 402 ἢν
439 352 471 393 δ’
498 353 546 394 αὖ
574 356 765 410 κρατηθῇς
795 352 858 393 καὶ
883 355 932 393 τὰ
958 353 1062 393 τοῦδ’
1085 353 1324 410 ὑπερδράμῃ,

370 423 453 461 πῶς
469 419 619 472 ’Ἄργος
646 420 752 471 ἥξεις
780 420 938 472 μυρίους
966 420 1095 460 λιπὼν
1120 420 1295 472 νεκρούς;

371 488 453 538 ἐρεῖ
475 488 516 527 δὲ
542 486 586 537 δή
613 504 684 529 τις·
718 486 776 527 ἲΩ
805 488 904 527 κακὰ
929 486 1212 538 μνηστεύματα
1406 490 1469 529 580

364 552 565 605 ’Ἄδραστε
590 555 793 606 προσθείς,
825 555 888 594 διὰ
914 556 1005 605 μιᾶς
1031 554 1186 606 νύμφης
1211 552 1338 605 γάμον

373 619 655 671 ἀπωλόμεσθα.
762 620 830 660 δύο
860 622 962 661 κακὼ
992 620 1187 666 σπεύδεις,
1213 619 1363 666 τέκνον,

373 687 511 726 κείνων
537 686 750 738 στέρεσθαι
776 687 902 728 τῶνδέ
926 686 960 726 τ’
986 688 1028 727 ἐν
1056 685 1167 741 μέσῳ
1193 690 1343 727 πεσεῖν.

437 751 602 803 μέθετον
628 752 673 793 τὸ
699 754 804 804 λίαν,
832 752 1010 804 μέθετον·
1054 754 1201 804 ἀμαθία
1225 755 1346 800 δυοῖν,

370 820 410 860 ἐς
434 817 542 859 ταῦθ’
567 819 660 859 ὅταν
685 820 876 870 μόλητον,
906 819 1094 872 ἔχθιστον
1123 820 1254 860 κακόν.
1408 825 1471 864 585

140 888 210 925 Χο.
373 882 401 923 ὦ
428 885 522 931 θεοί,
550 885 738 938 γένοισθε
765 885 879 927 τῶνδ’
908 886 1128 938 ἀπότροποι
1156 889 1284 927 κακῶν

373 951 435 992 καὶ
460 951 664 1003 ξύμβασίν
689 952 762 993 τιν’
790 953 958 994 Οἰδίπου
986 951 1136 995 τέκνοις
1161 953 1262 994 δότε.

142 1021 208 1059 Ετ.
235 1020 368 1070 μῆτερ,
395 1019 440 1059 οὐ
464 1019 597 1071 λόγων
623 1019 678 1060 ἔθ’
697 1020 816 1072 ἁγών,
845 1019 936 1060 ἀλλ’
955 1020 1169 1060 ἀναλοῦται
1196 1019 1339 1073 χρόνος

240 1086 308 1125 οὑν
334 1085 444 1140 μέσῳ
469 1085 610 1137 μάτην,
638 1088 814 1139 περαίνει
839 1086 872 1127 δ’
900 1086 1012 1127 οὐδὲν
1036 1086 1059 1137 ἡ
1091 1087 1296 1139 προθυμία·

239 1151 283 1192 οὐ
308 1153 383 1204 γὰρ
408 1152 456 1193 ἂν
481 1151 703 1204 ξυμβαῖμεν
729 1153 863 1195 ἄλλως
889 1149 912 1203 ἢ
939 1153 996 1194 ’πὶ
1020 1157 1101 1195 τοῖς
1129 1152 1358 1205 εἰρημένοις,
1410 1166 1474 1198 590

239 1217 333 1258 ὥστ’
351 1220 420 1270 ἐμὲ
437 1218 647 1272 σκήπτρων
668 1224 883 1273 κρατοῦντα
903 1219 1015 1271 τῆσδ’
1036 1219 1168 1260 ἄνακτ’
1196 1219 1296 1261 εἶναι
1313 1219 1472 1274 χθονός·

239 1289 317 1326 τῶν
341 1289 500 1338 μακρῶν
525 1285 558 1326 δ’
585 1286 867 1340 ἀπαλλαγεῖσα
892 1286 1191 1338 νουθετημάτων
1215 1285 1255 1338 μ’
1280 1286 1338 1328 ἔα.

242 1352 304 1392 καὶ
330 1352 380 1393 σὺ
401 1352 514 1394 τῶνδ’
543 1352 618 1404 ἔξω
647 1354 802 1405 κομίζου
827 1353 1005 1408 τειχέων,
1033 1350 1056 1405 ἢ
1089 1357 1273 1412 κατθανῇ.

142 1421 215 1458 Uo.
244 1418 340 1471 πρὸς
363 1420 486 1467 τίνος,·
524 1420 582 1463 τίς
609 1420 673 1461 ὧδ’
698 1420 883 1473 ἄτρωτος,
911 1421 1023 1463 ὅστις
1052 1423 1108 1463 εἷς
1131 1421 1233 1473 ἡμᾶς
1259 1419 1375 1475 ξίφος

242 1486 384 1538 φόνιον
409 1487 600 1538 ἐμβαλὼν
625 1487 692 1528 τὸν
718 1487 837 1529 αὐτὸν
863 1489 933 1530 οὐκ
960 1489 1172 1529 ἀποίσεται
1199 1489 1340 1542 μόρον,·
1413 1499 1475 1535 595

141 1555 209 1592 Ετ.
246 1552 376 1605 ἐγγύς,
395 1553 440 1593 οὗ
464 1554 601 1605 πρόσω
621 1553 814 1606 βέβηκεν·
858 1556 898 1596 ἐς
915 1554 1035 1609 χέρας
1055 1555 1242 1598 λεύσσεις
1260 1554 1373 1607 ἐμάς;

142 1622 215 1660 Πο.
243 1621 399 1672 εἰσορῶ·
437 1620 569 1661 δειλὸν
595 1620 627 1661 δ’
655 1622 675 1660 ὁ
700 1625 870 1663 πλοῦτος
901 1622 964 1663 καὶ
990 1622 1225 1676 φιλόψυχον
1251 1622 1382 1663 κακόν.

143 1690 212 1726 Ετ.
246 1686 341 1741 κᾷτα
366 1686 440 1727 σὺν
466 1691 680 1728 πολλοῖσιν
706 1687 825 1739 ἦλθες
856 1688 953 1741 πρὸς
977 1688 1044 1729 τὸν
1071 1689 1184 1729 οὐδὲν
1208 1690 1249 1731 ἐς
1273 1688 1425 1742 μάχην,·

184 1790 245 1819 577
273 1793 323 1812 σοι
340 1791 403 1811 om.
426 1781 451 1811 L
586 1782 704 1823 γένοιθ’
729 1783 776 1814 P:
801 1783 922 1825 γένοιτ’
943 1784 983 1816 ἂν
1001 1783 1073 1815 rell.
1210 1784 1274 1823 578
1299 1782 1477 1825 ὑπερδράμῃ

142 1823 168 1853 Ρ
195 1828 230 1854 et
258 1828 293 1854 Ut
320 1824 453 1854 Videtur
482 1829 506 1859 Σ
535 1824 628 1866 (οἷον7
661 1827 817 1869 ὑπερ-τέρα
845 1827 994 1869 γένηται)
1018 1838 1024 1857 :
1058 1826 1238 1868 ὑπεκδρᾶμῃ
1267 1827 1339 1857 rell.
1368 1829 1477 1865 (ὑπεκ-

140 1867 248 1908 δρᾶμοι
266 1868 420 1906 primitus
438 1868 482 1907 V)
715 1872 780 1909 580
797 1871 835 1909 δή
855 1881 923 1901 om.
944 1870 975 1900 M
1200 1872 1260 1908 581
1287 1870 1411 1911 προθείς
1430 1869 1478 1899 M²

141 1911 203 1949 582
229 1910 459 1950 ἆπολλόμεσθα
474 1911 505 1942 V
623 1913 725 1954 κακὼ]
741 1915 823 1946 κακὰ
838 1913 907 1945 Vl:
928 1923 1014 1945 corr.
1027 1924 1047 1944 υ
1170 1915 1233 1952 583
1256 1914 1348 1945 τῶνδ’
1367 1911 1410 1944 ἐν’
1426 1913 1457 1942 V
1472 1924 1479 1942 τ

141 1964 226 1984 col‘r.
246 1964 265 1984 v
410 1956 472 1993 584
497 1956 534 1988 τὸ
554 1967 617 1988 om.
640 1957 672 1986 A
805 1957 920 1994 ἀμαθία
946 1957 977 1987 Μ
993 1957 1023 1987 V
1035 1957 1060 1987 L
1074 1957 1121 1989 P:
1147 1957 1272 1996 ἀμαθίαι
1289 1956 1320 1986 Α
1332 1956 1360 1986 Β
1372 1955 1421 1986 Μ2
1438 1966 1479 1986 v:

141 2002 320 2037 Utrumque
338 2002 361 2032 Σ
473 2001 536 2039 585
562 2000 650 2032 ταῦθ’
671 2001 766 2032 codd.
877 2003 1052 2041 αἴσχιστον
1067 2000 1099 2030 Α
1209 2002 1271 2038 587
1296 1999 1388 2040 δότε]
1405 1998 1479 2030 τόδε

142 2040 173 2069 Α
269 2042 333 2080 588
358 2042 399 2073 ἔθ’
419 2042 507 2083 ἁγών
522 2043 650 2074 Canter
665 2056 671 2076 z
693 2044 762 2076 ἔστ’
780 2045 867 2085 ἀγών
884 2044 980 2074 codd.
1053 2044 1226 2075 ἀναλοῦται
1243 2043 1478 2073 Valckenaer:

143 2084 304 2117 ἀνάλωται
321 2086 419 2116 codd.
573 2089 636 2127 589
662 2088 730 2128 οὑν]
752 2088 806 2119 οὖν
823 2087 854 2117 Α
872 2098 878 2117 :
904 2087 962 2125 ὀύμ.
979 2086 1011 2116 Μ
1026 2087 1053 2117 Β
1072 2098 1079 2117 :
1104 2089 1163 2126 οὐμ
1179 2087 1209 2116 V
1326 2096 1391 2126 590
1407 2089 1479 2126 ξυμ-

143 2127 280 2167 βαῖημεν
296 2129 337 2160 V:
349 2134 517 2171 ξυμβῶμεν
535 2130 567 2160 Α
580 2131 606 2161 Ρ
677 2141 736 2171 591
757 2130 834 2162 ὥστ’
851 2130 905 2170 ἐμὲ
920 2130 951 2160 Μ
968 2142 974 2162 :
994 2131 1079 2162 ὥστε
1092 2144 1131 2169 με
1145 2130 1216 2160 rell.
1290 2132 1438 2170 σκῆπτρα
1449 2128 1481 2158 Α

143 2180 206 2210 592
230 2171 261 2211 μ’
281 2173 317 2206 ἔα
334 2184 398 2205 om.
422 2174 447 2204 P
565 2185 629 2214 593
654 2174 690 2215 ἢ]
707 2173 730 2217 ᾗ
745 2174 775 2203 V
878 2177 1045 2206 κατθανεῖν
1064 2174 1090 2204 Ρ
1199 2183 1262 2212 594
1286 2173 1335 2205 τίς
1352 2173 1378 2205 δ’
1396 2172 1429 2202 Μ
1448 2175 1481 2201 et

144 2215 298 2253 primitus
316 2217 342 2247 L
360 2229 366 2248 :
391 2217 440 2249 τίς
460 2217 531 2248 rell.
624 2217 695 2258 ὧδ’]
715 2217 760 2250 ὅδ’
778 2217 866 2247 VP:
892 2218 933 2247 de
952 2217 978 2247 L
995 2227 1062 2247 non
1083 2216 1189 2256 liquet
1299 2217 1364 2255 596
1387 2218 1422 2248 οὐ
1439 2226 1480 2246 v:

147 2257 179 2289 οὗ
198 2260 269 2292 rell.
288 2261 403 2299 <etiam
424 2261 471 2298 A)
588 2261 732 2299 βέβηκεν
750 2260 884 2293 Heath:
904 2259 1048 2299 βέβηκας
1066 2261 1160 2291 codd.
1180 2265 1214 2291 et
1231 2264 1255 2294 Σ
1365 2257 1479 2301 χέρας]

147 2305 254 2344 χεῖρας
273 2305 369 2335 codd.
512 2303 641 2336 λεύσεις
659 2305 691 2334 Μ
705 2304 733 2334 V
746 2304 772 2334 L
785 2304 811 2334 P
943 2313 1005 2343 597
1031 2305 1135 2337 δεινὸν
1159 2303 1191 2334 Μ
1208 2303 1235 2334 Β
1254 2315 1261 2334 2
1286 2313 1370 2335 corr.
1399 2301 1446 2332 M²
1462 2301 1480 2331 b

146 2347 209 2386 598
237 2348 296 2379 σὺν
316 2347 508 2389 πολλοῖσιν]
525 2360 575 2389 γρ.
597 2348 657 2379 σὺν
673 2348 784 2380 ὅπλοις
797 2358 818 2378 v
