1658 2740
670 119 994 156 ΦΟΙΝΙΣΣΛΙ

238 222 360 277 τούτῳ
388 222 580 275 ξυνάψειν
605 223 763 274 λέκτρα.
835 221 1025 275 τυγχάνει
1051 222 1092 263 δέ
1118 240 1199 264 πως

238 289 390 340 μούσας
415 289 506 340 ἐμὸς
531 293 622 331 παῖς
647 290 836 331 Οἰδίπους
862 289 1040 340 Σφιγγὸς
1069 290 1216 339 μαθών·
1423 303 1466 333 50

238 353 344 407 [ὅθεν
369 356 557 408 τύραννος
582 358 704 407 τῆσδε
728 358 801 408 γῆς
827 352 1074 406 καθίσταται]

241 423 302 462 καὶ
327 423 492 476 σκῆπτρ’
519 423 673 464 ἔπαθλα
697 424 819 473 τῆσδε
843 421 1046 473 λαμβάνει
1069 423 1226 475 χθονός.

239 493 359 541 γαμεῖ
382 492 423 530 δὲ
447 490 518 540 τὴν
543 493 736 530 τεκοῦσαν
761 489 828 529 οὐκ
856 490 966 531 εἰδὼς
992 488 1114 530 τάλας

240 556 319 596 οὐδ’
345 556 367 607 ἡ
393 559 562 597 τεκοῦσα
586 557 694 597 παιδὶ
720 555 1033 608 συγκοιμωμένη.

307 624 422 663 τίκτω
450 625 491 664 δὲ
516 625 657 665 παῖδας
682 623 790 663 παιδὶ
817 623 883 662 δύο
908 625 980 673 μὲν
1005 622 1188 674 ἄρσενας,
1423 637 1462 666 55

241 689 456 730 Ἐτεοκλέα
481 688 638 740 κλεινήν
662 707 704 730 τε
732 691 998 731 Πολυνείκους
1022 690 1130 740 βίαν,

241 757 356 808 κόρας
380 773 423 797 τε
448 755 605 798 δισσάς·
643 756 714 807 τὴν
738 759 812 808 μὲν
837 756 1027 807 Ἰσμήνην
1052 755 1178 807 πατὴρ

240 823 436 874 ὠνόμασε,
463 823 534 873 τὴν
559 825 601 864 δὲ
626 824 802 875 πρόσθεν
828 822 1060 875 Ἀντιγόνην
1085 822 1175 874 ἐγώ.

238 891 374 940 μαθὼν
398 892 439 930 δὲ
465 891 567 941 τάμὰ
591 889 738 942 λέκτρα
761 888 949 945 μητρῴων
973 889 1111 942 γάμων

242 957 262 995 ὁ
287 956 401 997 πάντ’
427 957 599 998 ἀνατλὰς
625 958 816 998 Οἰδίπους
842 955 1052 1007 παθήματα
1426 960 1468 989 60

243 1025 282 1065 ἐς
307 1023 448 1074 ὄμμαθ’
476 1025 593 1063 αὑτοῦ
617 1023 745 1063 δεινὸν
770 1023 970 1074 ἐμβάλλει
995 1024 1133 1075 φόνον,

242 1088 510 1143 χρυσηλάτοις
535 1091 752 1141 πόρπαισιν
779 1088 946 1140 αἱμάξας
973 1090 1100 1141 κόρας.

241 1157 326 1196 ἐπεὶ
352 1158 393 1197 δὲ
416 1155 563 1196 τέκνων
589 1155 704 1208 γένυς
730 1157 835 1207 ἐμῶν
862 1156 1074 1206 σκιάζεται,

243 1220 425 1278 κλῄθροις
449 1223 627 1275 ἔκρυψαν
651 1222 800 1275 πατέρ’,
827 1222 876 1263 ἵν’
900 1222 1088 1274 ἀμνήμων
1111 1223 1210 1275 τύχη

242 1287 396 1341 γένοιτο
421 1292 584 1330 πολλῶν
611 1289 775 1341 δεομένη
803 1289 1082 1342 σοφισμάτων’
1427 1293 1468 1330 65

244 1356 316 1405 ζῶν
342 1354 375 1395 δ’
400 1355 482 1396 ἔστ’
509 1357 552 1396 ἐν
575 1357 710 1399 οἴκοις.
781 1355 877 1408 πρὸς
903 1358 944 1396 δὲ
968 1358 1035 1407 τῆς
1060 1356 1181 1409 τύχης
1205 1360 1335 1396 νοσῶν

243 1423 339 1475 ἀρὰς
364 1423 503 1475 ἀρᾶται
528 1424 668 1463 παισὶν
693 1422 974 1469 ἀνοσιωτάτας,

244 1492 370 1543 θηκτῷ
397 1488 543 1544 σιδήρῳ
570 1493 680 1540 δῶμα
706 1493 912 1542 διαλαχεῖν
936 1490 1037 1530 τόδε.

308 1556 361 1596 τὼ
386 1556 418 1595 δ’
445 1558 484 1598 ἐς
509 1557 643 1608 φόβον
670 1557 853 1602 πεσόντε,
879 1556 931 1607 μὴ
956 1557 1225 1608 τελεσφόρους

243 1622 362 1676 εὐχὰς
387 1623 468 1663 θεοὶ
495 1625 709 1675 κραίνωσιν
734 1624 946 1664 οἰκούντων
972 1624 1078 1674 ὁμοῦ,
1430 1634 1472 1665 70

243 1688 433 1740 ξυμβάντ’
460 1688 602 1740 ἔταξαν
627 1689 696 1730 τὸν
722 1690 913 1743 νεώτερον
937 1688 1060 1742 πάρος

246 1756 408 1807 φεύγειν
435 1757 574 1797 ἑκόντα
599 1755 715 1807 τήνδε
741 1757 964 1807 Πολυνείκη
990 1756 1130 1810 χθόνα,

245 1821 461 1863 Ἐτεοκλέα
486 1825 528 1864 δὲ
553 1823 719 1876 σκῆπτρ’
745 1823 853 1876 ἔχειν
877 1822 1048 1874 μένοντα
1072 1825 1156 1874 γῆς,

246 1888 423 1929 ἐνιαυτὸν
448 1889 718 1930 ἀλλάσσοντε.
790 1890 875 1930 ἐπεὶ
900 1889 932 1929 δ’
958 1889 1022 1930 ἐπὶ
1049 1890 1176 1941 ζυγοῖς

247 1954 417 2005 καθέζετ’
445 1957 582 2010 ἀρχῆς,
610 1956 654 1996 οὐ
678 1957 914 2008 μεθίσταται
939 1956 1102 2007 θρόνων,
1429 1966 1471 1997 75

187 2062 230 2091 49
254 2051 421 2092 ξυνάπτειν
439 2052 465 2082 L
588 2061 631 2090 50
654 2050 774 2090 μούσας
790 2054 814 2083 Σ
835 2048 934 2091 (τινὲς
949 2048 1108 2090 ’γράφουσι
1124 2045 1243 2086 μούσας
1263 2047 1336 2085 ἐμὸς
1354 2048 1437 2082 παῖς,
1456 2047 1472 2078 ‘b

145 2096 194 2127 καὶ
212 2094 362 2134 βέλτιον)
377 2100 410 2125 et
426 2109 478 2137 γρ.
496 2106 517 2126 v
532 2106 539 2125 ε
565 2095 682 2135 αἴνιγμ’
701 2094 794 2124 codd.
878 2102 915 2131 51
937 2091 998 2122 del.
1017 2090 1239 2126 Valckenaer‚
1251 2093 1364 2119 servat
1379 2088 1471 2119 Weil

145 2138 320 2179 λαμβάνων
337 2139 487 2169 scribens
554 2148 595 2177 52
619 2138 671 2168 Cf.
687 2142 710 2170 Σ
730 2149 736 2167 :
761 2137 833 2178 παρ’
853 2136 954 2167 οὐδενὶ
974 2137 1075 2166 κεῖται
1089 2134 1126 2164 τὸ
1139 2132 1414 2172 ἔπαθλαῆμόνῳ
1427 2136 1472 2173 τῷ

146 2182 306 2224 Εὐριπίδῃ,
322 2182 646 2223 ὅθενμεταγράφουσί
659 2194 743 2213 τινες
762 2182 818 2212 καὶ
848 2182 1031 2220 σκῆπτρα
1048 2179 1173 2218 χώρας
1194 2175 1312 2207 ἆθλαε
1332 2175 1372 2206 cs.
1390 2177 1471 2206 1262

145 2235 187 2264 55
212 2227 346 2267 ἄρσενας
362 2225 410 2256 V:
430 2227 560 2267 ἄρρενας
577 2225 650 2256 rell.
738 2234 781 2264 59
798 2223 882 2263 τάμὰ
899 2223 1020 2264 λέκτρα
1036 2222 1132 2252 codd.
1146 2225 1180 2250 et
1193 2224 1234 2253 Σε
1251 2220 1472 2260 τάμπλάκημα

144 2269 326 2299 Wecklein
400 2272 547 2311 μητρῶον
561 2269 666 2310 γάμον
681 2267 711 2297 V
729 2267 936 2307 (genetivum
954 2268 994 2305 Σ)
1087 2267 1125 2295 61
1153 2265 1265 2304 ὄμμαθ’
1282 2266 1378 2296 αὑτοῦ
1397 2263 1422 2294 F
1439 2268 1473 2294 et

146 2312 301 2346 lemma}
317 2324 324 2343 2
348 2312 463 2353 ὄμματ’
475 2315 571 2345 αὐτοῦ
588 2312 686 2343 codd.
775 2312 817 2340 62
830 2309 1054 2352 χρυσηλάταις
1072 2309 1104 2340 Μ
1185 2309 1228 2339 66
1241 2308 1301 2348 ζῶν
1318 2308 1384 2340 δέτ’
1403 2307 1430 2337 L
1445 2306 1472 2337 P

147 2367 188 2396 70
201 2356 313 2397 εὐχὰς]
325 2357 459 2398 ὀργὰςν
517 2355 693 2388 οἷκούντοιν
710 2354 859 2393 ElmSley
942 2363 981 2391 72
1001 2352 1134 2394 φεύγειν
1150 2353 1177 2384 δ’
1194 2353 1224 2382 V
1273 2350 1472 2389 Πολυνείκην

147 2400 267 2431 codd.:
299 2411 384 2432 corr.
413 2400 587 2439 Elmsley:
618 2409 686 2430 non
714 2402 850 2429 notatur
873 2397 1017 2436 amplius
1187 2405 1226 2435 73
1252 2397 1418 2437 σκῆπτρον
1440 2395 1470 2425 V

149 2455 187 2483 74
213 2445 415 2477 ἀλλάσσοντ’
434 2444 528 2475 codd.
634 2442 718 2484 ζυγῷ
735 2443 760 2473 L
777 2453 783 2473 :
808 2451 892 2474 corr.
913 2440 955 2472 L²
