1658 2740
629 103 975 143 ΕΥΡΙΠΙΔΟΥ

241 202 288 252 ἣν
312 202 552 255 Ἰφιγένειαν
580 205 775 256 ὠνόμαζες
801 208 843 246 ἐν
868 207 1015 258 δόμοις.

238 268 363 321 μήτηρ
388 269 420 309 δ’
446 271 617 323 ὁμαρτεῖ,
647 275 721 323 σῆς
749 273 1080 326 Κλυταιμήστρας
1104 275 1236 327 δέμας,

241 336 302 376 καὶ
327 339 419 378 παῖς
443 336 651 390 Ὀρέστης,
680 339 732 380 ὥς
757 356 793 379 τι
820 342 1030 393 τερφθείης
1057 343 1161 388 ἰδών,

241 402 386 455 χρόνον
411 403 581 444 παλαιὸν
608 405 800 457 δωμάτων
827 406 994 458 ἔκδημος
1019 408 1084 449 ὤν.

305 469 396 510 ἀλλ’
422 470 472 512 ὡς
496 473 649 524 μακρὰν
678 472 838 519 ἔτεινον,
868 473 1027 525 εὔρυτον
1052 476 1156 526 παρὰ
1396 491 1462 522 420

241 535 384 587 κρήνην
409 538 669 590 ἀναψύχουσι
696 540 896 590 θηλύπουν
920 540 1059 592 βάσιν,

239 602 356 643 αὐταί
376 620 419 643 τε
445 605 574 644 πῶλοί
598 604 646 644 τ’·
686 607 726 647 ἐς
751 608 791 646 δὲ
817 607 1020 658 λειμώνων
1047 609 1176 661 χλόην

240 671 420 720 καθεῖμεν
446 669 575 717 αὐτάς,
607 671 656 713 ὡς
683 675 810 723 βορᾶς
835 675 1062 724 γευσαίατο.

238 736 315 787 ἐγὼ
341 738 383 777 δὲ
410 737 632 788 πρόδρομος
662 740 736 788 σῆς
762 743 1014 791 παρασκευῆς
1040 740 1157 793 χάριν

237 802 331 852 ἥκω·
367 802 568 844 πέπυσται
592 806 668 856 γὰρ
697 806 1066 860 στρατός-ταχεῖα
1091 809 1165 859 γὰρ
1396 822 1459 853 425

237 867 344 925 διῇξε
370 868 666 921 φήμη--παῖδα
695 871 771 922 σὴν
798 872 1032 925 ἀφιγμένην.

237 938 312 978 πᾶς
336 935 369 975 δ’
396 937 435 978 ἐς
461 936 554 978 θέαν
582 938 724 988 ὅμιλος
750 938 907 992 ἔρχεται
933 940 1074 994 δρόμῳ,

238 1002 314 1052 σὴν
339 1002 443 1044 παῖδ’
469 1004 576 1046 ὅπως
603 1006 760 1045 ἴδωσιν·
798 1007 834 1046 οἱ
860 1005 893 1045 δ’
920 1005 1144 1057 εὐδαίμονες

239 1070 279 1109 ἐν
304 1071 404 1110 πᾶσι
430 1072 578 1111 κλεινοὶ
607 1072 669 1111 καὶ
698 1072 960 1123 περίβλεπτοι
984 1077 1158 1125 βροτοῖς.

236 1135 401 1188 λέγουσι
425 1136 471 1176 δ’·
510 1136 722 1188 (Ὑμέναιός
750 1155 807 1180 τις
832 1135 855 1188 ἦ
879 1139 919 1179 τί
941 1138 1183 1191 πράσσεται;
1393 1155 1463 1187 430

236 1199 258 1252 ἦ
284 1203 406 1244 πόθον
431 1202 535 1257 ἔχων
564 1205 760 1257 θυγατρὸς
786 1204 1046 1257 Ἀγαμέμνων
1071 1205 1175 1257 ἄναξ

236 1270 396 1320 ἐκόμισε
421 1273 560 1317 παῖδα;
672 1275 749 1311 τῶν
775 1271 807 1310 δ’
833 1271 881 1312 ἂν
907 1272 1077 1323 ἤκουσας
1100 1272 1206 1313 τάδε·

236 1335 434 1387 Ἀρτέμιδι
460 1338 742 1389 προτελίζουσι
767 1337 838 1388 τὴν
863 1337 1034 1386 νεάνιδα,

236 1403 405 1445 Αὐλίδος
431 1403 606 1460 ἀνάσσῃ.
685 1406 743 1446 τίς
767 1422 827 1445 νιν
853 1404 992 1456 ἄξεταί
1012 1422 1124 1452 ποτε;

300 1469 392 1510 ἀλλ’
419 1470 490 1516 εἶα,
518 1472 614 1511 τάπὶ
643 1471 783 1511 τοισίδ’
810 1470 978 1526 ἐξάρχου
1005 1475 1114 1519 κανᾶ,
1394 1485 1459 1517 435

235 1539 512 1587 στεφανοῦσθε
541 1540 663 1589 κρᾶτα
692 1538 753 1578 καὶ
780 1538 842 1584 σύ,
872 1538 1084 1581 ’Μενέλεως
1108 1538 1210 1590 ἄναξ

234 1602 418 1653 ὑμέναιον
444 1603 642 1654 εὐτρέπιζε
672 1604 734 1644 καὶ
761 1605 857 1644 κατὰ
882 1604 1027 1657 στέγας

233 1670 359 1712 λωτὸς
382 1670 551 1720 βοάσθω
580 1671 642 1710 καὶ
672 1673 803 1712 ποδῶν
828 1672 931 1711 ἔστω
958 1672 1112 1713 κτύπος·

233 1741 318 1788 φῶς
344 1738 418 1788 γὲιρ
445 1736 525 1777 τόδ’
552 1737 637 1788 ἥκει
667 1737 859 1790 μακάριον
883 1739 930 1795 τῇ
957 1738 1151 1793 παρθένῳ.

135 1804 207 1854 Αγ.
238 1801 408 1860 ἐπῄνεσ’,
437 1805 543 1844 ἀλλὰ
571 1807 713 1858 στεῖχε
739 1804 929 1856 δωμάτων
955 1805 1049 1846 ἔσω·
1393 1820 1459 1849 440

234 1872 281 1909 τὰ
306 1870 338 1909 δ’
365 1869 456 1911 ἄλλ’
485 1870 621 1921 ἰούσης
650 1874 719 1922 τῆς
745 1872 867 1925 τύχης
893 1873 1006 1912 ἔσται
1031 1876 1172 1926 καλῶς.

233 1966 349 2015 οἴμοι,
378 1966 419 2005 τί
441 1969 504 2017 φῶ
531 1965 745 2016 δύστηνος;
785 1964 959 2018 ἄρξωμαι
984 1967 1126 2013 πόθεν;

234 2033 273 2073 ἐς
299 2031 347 2072 οἷ’
368 2031 541 2084 ἀνάγκης
573 2032 755 2085 ζεύγματ’
786 2033 1106 2084 ἐμπεπτώκαμεν.

177 2126 239 2164 416
262 2125 423 2167 ὧνόμαξας
443 2127 467 2157 L
481 2127 506 2157 P
526 2126 610 2164 (ποτ’
630 2128 707 2159 add.
723 2127 775 2168 ΡΞ)
794 2140 800 2159 :
818 2137 899 2158 corr.
914 2126 1105 2157 Markland:
1124 2137 1153 2158 v.
1170 2126 1310 2157 fortasse
1321 2126 1458 2165 spurius

134 2179 195 2207 417
214 2172 346 2211 ὁμαρτοῖ
361 2170 511 2208 primitus
524 2171 550 2201 P
642 2172 683 2210 σὴ
699 2171 968 2211 Κλυταιμνήστρα
979 2170 1080 2211 δάμαρ
1092 2170 1251 2209 Elmsley,
1265 2169 1305 2200 cl.
1324 2167 1348 2199 I.
1365 2168 1402 2199 T.
1415 2179 1456 2199 22

134 2222 197 2250 422
220 2213 250 2244 τ’
263 2213 458 2245 Markland:
476 2213 508 2255 ’γ’
523 2215 548 2244 L
563 2215 587 2245 P
677 2225 740 2254 425
764 2217 881 2254 ταχεῖα
891 2213 970 2256 γὰρ]
985 2217 1102 2254 ταχεῖα
1115 2212 1179 2254 &kp
1268 2222 1332 2251 430
1355 2212 1457 2254 πράσ-

135 2268 226 2287 σεται
245 2270 258 2288 ε
278 2267 381 2296 super
397 2271 427 2289 αι
445 2259 569 2297 scripto
590 2260 614 2289 L
627 2259 653 2289 P
671 2270 677 2289 :
703 2273 716 2290 ε
733 2258 796 2289 del.
818 2257 858 2287 Ρ2
1021 2267 1083 2296 434
1109 2256 1204 2297 ποτε]
1224 2255 1316 2288 πόσις
1338 2255 1458 2286 Nauck

133 2308 195 2337 435
212 2302 295 2331 τοῖσι
307 2300 332 2331 δ’
347 2300 372 2330 L
385 2301 427 2332 P:
447 2303 575 2334 τοῖσινῖ
661 2303 724 2341 438
741 2302 836 2333 λοτὸς
847 2301 998 2339 primitus
1011 2301 1071 2331 LP
1159 2299 1268 2338 βοάτω
1281 2299 1458 2330 Rauchen-

133 2342 221 2372 stein
310 2354 372 2381 442
398 2346 532 2385 ἄρξωμαι
549 2345 697 2385 Burgcs:
716 2346 843 2385 ἄρξομαι
858 2344 918 2374 LP
1007 2344 1102 2375 πόθεν
1113 2344 1269 2375 Grotius:
1288 2342 1381 2375 σέθεν
1392 2343 1418 2372 L
1431 2342 1457 2372 P

134 2396 195 2424 443
222 2387 264 2418 εἷς
283 2386 314 2418 οἵ
330 2387 386 2418 1³²:
415 2389 457 2420 εἰς
475 2388 525 2420 οἷα
541 2390 571 2429 γ’
595 2390 618 2419 L
635 2394 668 2419 ct
686 2389 788 2419 voluit
808 2388 833 2418 P
939 2389 1166 2426 ἐπεπτώκαμεν
1185 2387 1210 2417 P
1227 2398 1233 2417 :
1260 2396 1340 2417 corr.
1364 2386 1404 2416 1³²
