1658 2740
662 120 1011 158 ΕΥΡΙΠΙΔΟΥ

534 226 580 236 ‘xm
617 222 626 237 2

269 224 342 265 ἕως
366 224 507 276 ὑφῆψε
532 234 614 274 οωμ
656 224 893 278 ἀνηφαίστῳ
921 224 1022 275 πυρί.

338 288 534 336 Μενέλαε,
564 290 628 330 σοὶ
657 292 698 330 δὲ
723 289 815 330 τάδε
840 288 946 342 λέγω
973 289 1107 342 δράσω
1132 306 1175 330 τε
1200 293 1308 342 πρός·

272 358 304 396 εἰ
329 356 475 407 τούμὸν
501 356 620 410 ἔχθος
648 358 837 413 ἐναριθμῇ
864 356 978 406 κῆδός
1003 356 1037 396 τ’
1063 357 1171 407 ἐμόν,

272 423 324 473 μὴ
350 422 439 478 τῷδ’
466 423 627 474 ἀμύνειν
655 423 783 474 φόνον
810 424 989 464 ἐναντίον
1014 425 1131 465 θεοῖς·

270 490 315 530 ἔα
339 489 372 529 δ’
400 489 463 530 ὑπ’
489 491 624 531 ἀστῶν
654 491 996 542 καταφονευθῆναι
1020 489 1190 542 πέτροις,
1438 495 1501 534 625

270 553 293 606 ἢ
319 556 370 607 μὴ
398 556 579 607 ’πίβαινε
604 556 895 609 Σπαρτιάτιδος
920 557 1076 610 χθονός.

271 623 430 663 τοσαῦτ’
457 624 632 666 ἀκούσας
660 625 758 669 ἴσθι,
786 625 884 674 μηδὲ
909 626 1126 674 δυσσεβεῖς

273 690 357 745 ἕλῃ,
385 690 575 742 παρώσας
601 689 919 741 εὐσεβεστέρους
945 690 1101 742 φίλους·

270 756 371 807 ἡμᾶς
396 756 429 795 δ’
456 756 522 796 ἀπ’
549 758 669 796 οἵκων
696 755 813 808 ἄγετε
837 758 973 802 τῶνδε,
1000 756 1240 808 πρόσπολοι.

172 825 245 875 Ορ.
273 822 414 876 στεῖχ’,
443 823 494 865 ὡς
520 822 732 875 ἀθορύβως
758 823 906 863 οὑπιὼν
931 823 1023 874 ἡμῖν
1047 824 1169 875 λόγος
1442 829 1507 869 630

272 889 369 941 πρὸς
393 889 498 930 τόνδ’
524 890 667 940 ἵκηται,
698 891 821 942 γῆρας
846 890 1066 942 ἀποφυγὼν
1090 890 1136 929 τὸ
1163 890 1251 931 σόν.

343 956 540 1003 Μενέλαε,
570 960 640 997 ποῖ
665 956 740 997 σὸν
766 956 854 997 πόδ’
880 956 944 997 ἐπὶ
970 957 1135 1010 συννοίᾳ
1162 960 1329 1003 κυκλεῖς,

272 1026 414 1074 διπλῆς
438 1025 628 1076 μερίμνης
655 1023 869 1076 διπτύχους
900 1024 969 1063 ἰὼν
995 1023 1129 1069 ὁδούς;

176 1093 249 1132 Me.
278 1090 414 1131 ἔασον·
460 1092 501 1131 ἐν
529 1092 683 1145 ἐμαυτῷ
710 1107 746 1130 τι
773 1090 1065 1141 συννοούμενος

273 1158 363 1197 ὅποι
388 1156 595 1209 τράπωμαι
622 1160 692 1208 τῆς
718 1158 840 1210 τύχης
867 1158 1071 1210 ἀμηχανῶ.
1445 1161 1508 1201 635

174 1227 246 1276 Ορ.
273 1223 326 1275 μή
351 1241 419 1265 νυν
445 1224 605 1276 πέραινε
631 1223 704 1274 τὴν
731 1224 910 1274 δόκησιν,
937 1223 1029 1264 ἀλλ’
1057 1223 1173 1274 ἐμοὺς

273 1291 417 1343 λόγους
443 1291 615 1333 ἀκούσας
644 1291 809 1342 πρόσθε,
838 1290 1037 1341 βουλεύου
1061 1291 1162 1330 τότε.

177 1361 250 1398 Me.
278 1357 376 1409 λέγ’·
418 1357 460 1398 εὖ
485 1360 559 1410 γὰρ
587 1358 711 1400 εἶπας·
756 1357 842 1397 ἔστι
868 1357 900 1396 δ’
927 1357 971 1396 οὗ
999 1357 1092 1410 σιγὴ
1118 1358 1244 1409 λόγου

277 1424 474 1476 κρείσσων
500 1423 645 1477 γένοιτ’
673 1423 733 1464 ἄν.
810 1423 898 1464 ἔστι
925 1422 958 1464 δ’
982 1424 1026 1464 οὗ
1054 1426 1172 1476 σιγῆς
1199 1424 1333 1476 λόγος.

175 1494 248 1543 Ορ.
274 1490 427 1543 λέγοιμ’
453 1491 500 1532 ἂν
523 1490 609 1541 ἤδη.
683 1493 730 1531 τὰ
756 1493 885 1543 μακρὰ
910 1494 988 1532 τῶν
1015 1494 1192 1542 σμικρῶν
1218 1491 1352 1543 λόγων
1443 1494 1509 1534 640

276 1557 516 1610 ἐπίπροσθέν
541 1559 629 1598 ἐστι
658 1559 720 1598 καὶ
747 1560 860 1611 σαφῆ
886 1560 1044 1609 μᾶλλον
1072 1558 1215 1597 κλύειν.

277 1626 363 1675 ἐμοὶ
388 1624 438 1665 σὺ
462 1629 540 1665 τῶν
567 1629 664 1671 σῶν,
695 1624 923 1671 Μενέλεως,
951 1627 1073 1675 μηδὲν
1100 1625 1220 1670 δίδου,

277 1692 301 1731 ἃ
327 1690 358 1731 δ’
384 1692 529 1742 ἔλαβες
555 1692 703 1734 ἀπόδος
730 1691 877 1744 πατρὸς
903 1692 997 1742 ἐμοῦ
1022 1692 1162 1742 λαβὼν
1187 1690 1306 1743 πάρα.

277 1758 381 1798 -οὐ
407 1757 572 1812 χρήματ’
601 1759 724 1799 εἶπον·
764 1757 947 1811 χρήματ’,
974 1755 1022 1808 ἦν
1049 1758 1186 1811 ψυχὴν
1211 1757 1309 1809 ἐμὴν

280 1823 429 1881 σῴσῃς,
458 1824 556 1877 ἅπερ
581 1842 647 1876 μοι
673 1825 834 1877 φίλτατ’
861 1826 947 1866 ἐστὶ
973 1829 1049 1865 τῶν
1077 1826 1253 1876 ἐμῶν.-
1447 1829 1510 1868 645

346 1893 479 1932 ἀδικῶ·
517 1896 664 1942 λαβεῖν
689 1891 765 1945 χρή
790 1891 831 1943 μ’
858 1892 945 1933 ἀντὶ
971 1895 1082 1933 τοῦδε
1107 1895 1175 1932 τοῦ
1202 1895 1321 1932 κακοῦ

282 1959 414 2000 ἄδικόν
439 1976 476 1999 τι
501 1962 604 2010 παρὰ
630 1962 717 1998 σοῦ·
757 1959 819 1999 καὶ
846 1961 922 2011 γὰρ
948 1958 1209 2011 Ἀγαμέμνων
1235 1957 1362 2011 πατὴρ

222 2054 286 2084 622
315 2053 347 2085 δὲ
367 2063 432 2083 om.
450 2052 481 2082 A
623 2053 687 2091 624
715 2055 812 2092 ἄμυνε
830 2052 1010 2083 Wecklein
1152 2054 1215 2090 625
1228 2062 1278 2091 sq.
1299 2051 1340 2084 cf.
1361 2053 1425 2090 536
1438 2061 1487 2091 sq.
1506 2063 1512 2082 :

179 2098 243 2135 625
261 2096 325 2127 del.
348 2096 483 2135 Kayser
630 2097 695 2135 629
720 2097 811 2136 ἡμεῖς
831 2096 876 2126 L:
901 2096 982 2135 ἡμᾶς
999 2095 1013 2125 l
1100 2094 1148 2127 ἐπ’
1167 2098 1262 2127 οἴκων
1279 2096 1393 2136 ἄγεται
1410 2098 1511 2127 τῶνδε
1538 2129 1545 2134 ,

181 2140 365 2180 πρόσπολος
381 2139 432 2170 M:
457 2140 638 2182 πρόσπολοι
654 2139 702 2170 M²
813 2141 879 2179 630
902 2141 1019 2171 οὐπιὼν
1031 2138 1062 2169 V
1172 2140 1236 2177 632
1260 2141 1318 2171 ποῖ
1346 2138 1419 2178 σὸν]
1438 2139 1512 2181 ποίᾳ

181 2183 361 2214 Wecklein
451 2186 581 2216 κυκλοῖς
600 2183 799 2224 primitusA
816 2188 849 2213 et
866 2193 1035 2222 suprascr.
1050 2182 1099 2214 V:
1124 2185 1222 2215 κινεῖς
1236 2182 1262 2212 L
1351 2183 1416 2221 635
1441 2183 1511 2214 ὅποι

184 2228 208 2257 L
222 2227 269 2258 P:
294 2228 354 2268 ὅπῃ
372 2227 385 2256 l
400 2228 469 2259 rell.
641 2228 706 2266 636
730 2227 773 2267 μὴ
792 2229 847 2259 νῦν
863 2227 962 2257 codd.
984 2227 1040 2266 (μή
1058 2239 1113 2258 νυν
1129 2225 1168 2265 Σ)
1331 2226 1397 2265 638
1421 2226 1511 2257 ἔστιν

182 2270 217 2302 οὗ
250 2270 431 2301 Kirchhoff
559 2271 629 2302 ἔστι
662 2271 689 2303 δ’
722 2269 757 2302 οὗ
791 2273 867 2310 σιγῆ
901 2269 1004 2311 λόγου
1036 2270 1069 2300 in
1102 2279 1217 2300 rasura
1250 2268 1282 2299 M
1416 2271 1512 2310 σιγῆς

183 2314 282 2354 λόγος
306 2314 337 2344 Α
528 2315 593 2353 639
626 2316 773 2354 κρεῖττον
802 2313 828 2343 Ρ
932 2316 1010 2354 σιγῆ
1036 2312 1090 2344 M:
1124 2316 1221 2353 σιγῆς
1248 2312 1297 2343 M²
1433 2313 1511 2353 σιγὴ

183 2357 282 2397 λόγου
296 2357 328 2386 A
460 2359 525 2396 640
550 2358 624 2389 ἔνιοι
643 2358 789 2389 ἀθετοῦσι
807 2359 924 2389 τοῦτον
939 2357 991 2389 καὶ
1008 2357 1065 2388 τὸν
1082 2359 1153 2397 ἑξῆς
1167 2356 1299 2396 στίχον·
1325 2357 1380 2387 οὐκ
1395 2355 1509 2396 ἔχουσι

182 2401 245 2440 γὰρ
260 2402 317 2431 τὸν
336 2401 531 2441 Εὐριπίδειον
549 2403 736 2442 χαρακτῆρα
753 2405 776 2433 Σ
