1658 2740
616 121 962 161 ΕΥΡΙΠΙΔΟΥ

227 231 274 281 ἣν
300 229 486 281 μανθάνω
511 245 583 279 μεν
611 227 760 272 καύτός,
789 226 833 266 οὐ
859 227 1000 277 σαφῶς
1024 222 1057 263 δ’
1081 223 1176 276 ἔχω.

132 302 206 338 Me.
229 297 331 343 ἀλλ’,
359 295 388 336 ὦ
416 293 560 347 γεραιέ,
590 294 652 334 καὶ
679 293 729 333 σὺ
757 292 933 332 κοινώνει
957 291 1103 342 λόγων.

131 368 203 416 Ay.
229 363 303 416 οὐχ
328 363 397 413 ἥδε
422 362 585 414 μόχθων
611 363 689 400 τῶν
717 361 758 399 ἐν
784 358 890 412 Ἰλίῳ
915 355 1114 408 βραβεύς,·

132 433 206 470 Me.
229 430 302 482 οὐχ
326 429 406 479 ἥδε,
435 427 531 480 πρὸς
557 429 657 467 θεῶν
683 424 715 466 δ’
741 424 838 476 ἦμεν
863 422 1119 475 ἠπατημένοι,

230 495 403 548 νεφέλης
428 493 574 546 ἄγαλμ’
601 493 761 546 ἔχοντες
787 493 829 532 ἐν
853 495 988 545 χεροῖν
1015 485 1203 542 [λυγρόν].
1393 498 1455 529 705

133 567 205 615 Ay.
1028 557 1068 596 τί
1092 553 1188 611 φῄς;

232 628 403 681 νεφέλης
428 628 487 680 ἄρ’
513 627 647 668 ἄλλως
673 627 831 679 εἴχομεν
856 625 999 666 πόνους
1024 622 1131 675 πέρι;

135 695 355 747 ΜεῘΉρας
380 694 462 734 τάδ’
484 694 580 746 ἔργα
607 694 670 733 καὶ
696 695 794 733 θεῶν
818 694 995 743 τρισσῶν
1019 689 1110 741 ἔρις.

135 766 206 814 Ay.
236 762 258 812 ἡ
285 761 317 801 δ’
343 760 429 800 οῧσ’
456 762 613 809 ἀληθῶς
639 760 750 798 ἐστιν
774 759 842 808 ἥδε
869 757 919 807 σὴ
946 755 1090 807 δάμαρ;

135 832 212 868 Me.
234 829 341 877 αὕτη·
379 827 516 877 λόγοις
542 823 605 876 ἰδ’]
633 825 765 875 ἐμοῖσι
789 824 1007 864 πίστευσον
1031 820 1135 861 τάδε.
1395 831 1459 861 710

137 898 208 946 Αγ.
236 892 265 934 ‹T›
291 894 470 945 θύγατερ,
499 892 519 930 ὁ
540 890 627 933 θεὸς
655 890 705 932 ὡς
731 890 807 942 ἔφυ
830 906 867 929 τι
891 889 1072 929 ποικίλον

237 960 298 1000 καὶ
324 958 630 1010 δυστέκμαρτον.
704 956 744 997 εὖ
770 956 812 996 δέ
835 972 918 996 πως
944 954 1071 995 πάντα
1097 951 1262 1006 στρέφει

238 1028 369 1066 ἐκεῖσε
395 1024 544 1065 κάκεῖσ’
573 1022 799 1075 ἀναφέρων·
838 1021 858 1061 ὃ
881 1023 952 1072 μὲν
979 1023 1102 1067 πονεῖ,

237 1092 258 1132 ὃ
284 1091 314 1133 δ’
340 1091 384 1131 οὐ
408 1089 586 1141 πονήσας
613 1090 722 1131 αὖθις
749 1090 915 1128 ὄλλυται
940 1090 1077 1132 κακῶς,

237 1158 410 1209 βέβαιον
436 1157 547 1197 οὐδὲν
573 1158 642 1206 τῆς
668 1156 729 1196 ἀεὶ
755 1154 876 1207 τύχης
902 1155 1019 1207 ἔχων.
1398 1162 1462 1193 715

241 1225 289 1264 σὺ
315 1226 390 1276 γὰρ
415 1224 532 1264 πόσις
558 1239 600 1263 τε
627 1225 698 1264 σός
725 1222 858 1262 πόνων
881 1219 1112 1273 μετέσχετε,

240 1290 289 1331 σὺ
313 1292 384 1341 μὲν
409 1290 604 1341 λόγοισιν,
634 1287 654 1328 ὃ
680 1290 721 1328 δὲ
748 1286 860 1339 δορὸς
885 1287 1091 1339 προθυμίᾳ.

240 1357 422 1398 σπεύδων
448 1355 479 1396 δ’
505 1355 561 1395 ὅτ’
589 1353 746 1396 ἔσπευδ’
773 1353 886 1394 οὐδὲν
912 1353 1008 1406 εἶχε·
1046 1355 1114 1392 νῦν
1139 1351 1172 1391 δ’
1197 1351 1281 1403 ἔχει

241 1424 439 1474 αὐτόματα
464 1420 614 1473 πράξας
638 1419 777 1473 τάγάθ’
805 1419 1085 1472 εὐτυχέστατα.

242 1490 310 1530 οὐκ
336 1489 410 1542 ἄρα
433 1488 601 1541 γέροντα
626 1485 776 1541 πατέρα
802 1487 864 1527 καὶ
890 1485 1097 1536 Διοσκόρω
1400 1494 1464 1524 720

237 1555 429 1609 ὔσχυνας,
457 1554 537 1596 οὐδ’
566 1554 737 1605 ἔδρασας
763 1553 825 1592 ota
852 1549 1040 1608 κλῄζεται.

243 1626 310 1663 νῦν
337 1623 571 1672 ἀνανεοῦμαι
596 1620 664 1660 τὸν
691 1619 764 1660 σὸν
789 1618 975 1669 ὑμέναιον
999 1616 1120 1658 πάλιν

245 1688 306 1728 καὶ
329 1687 545 1739 λαμπάδων
570 1685 784 1737 μεμνήμεθ’
811 1685 856 1727 ἃς
879 1684 1102 1736 τετραόροις

245 1756 378 1796 ἵπποις
404 1752 608 1806 τροχάζων
635 1751 871 1804 παρέφερον·
911 1751 961 1791 σὺ
987 1749 1019 1790 δ’
1045 1751 1087 1790 ἐν
1112 1749 1266 1801 δίφροις

243 1819 314 1870 ξὺν
339 1823 436 1874 τῷδε
461 1819 593 1871 νύμφη
622 1818 715 1869 δῶμ’
741 1818 896 1858 ἔλειπες
922 1819 1077 1867 ὄλβιον.
1404 1826 1465 1856 725

247 1886 360 1928 κακὸς
385 1887 460 1937 γὰρ
486 1886 597 1926 ὅστις
622 1884 674 1935 μὴ
701 1883 818 1934 σέβει
843 1885 890 1923 τὰ
916 1885 1122 1923 δεσποτῶν

245 1953 307 1993 καὶ
333 1950 552 2004 ξυγγέγηθε
576 1951 639 1990 καὶ
665 1950 871 1991 συνωδίνει
897 1953 1038 1990 κακοῖς.

189 2056 249 2085 701
276 2044 336 2084 μὲν
353 2045 403 2076 καὶ
433 2044 527 2076 αὐτὸς
557 2044 607 2073 L:
634 2043 668 2075 δὲ
685 2045 735 2075 καὶ
759 2044 852 2074 αὐτὸς
879 2042 905 2072 P
1094 2049 1240 2079 704—711
1268 2038 1468 2078 paragraphi

147 2089 287 2128 praefixi
316 2089 350 2118 in
380 2087 431 2118 L:
468 2097 529 2126 704
555 2087 695 2125 Nuntio,
723 2096 784 2125 705
813 2085 967 2116 Menelao
993 2084 1108 2114 tribuit
1134 2084 1160 2113 P
1264 2092 1325 2120 705
1349 2080 1470 2122 λυγρόν

146 2132 282 2162 seclusit
298 2131 431 2161 Verrall
553 2131 617 2169 706
641 2136 720 2160 ante
737 2130 770 2161 τί
786 2130 848 2169 φής
865 2130 961 2159 deest
978 2127 1212 2167 paragraphus
1229 2126 1262 2155 in
1281 2125 1308 2155 L
1329 2136 1336 2155 ε
1359 2125 1393 2156 τί
1409 2123 1471 2166 φῄς

146 2176 209 2206 del.
240 2175 403 2205 Matthiae
524 2183 587 2212 710
611 2173 637 2205 δ’
663 2173 801 2204 seclusit
831 2172 1044 2202 Herwerden
1174 2179 1235 2208 711
1263 2167 1377 2208 σκέψαι
1407 2168 1471 2208 γὰρ

147 2221 162 2249 ὁ
195 2220 263 2250 θεὸς
293 2219 328 2250 ὃς
360 2218 430 2257 ἔχει
462 2230 493 2248 τι
518 2217 665 2248 ποικίλον
693 2216 788 2246 Stob.
813 2215 884 2246 Eel.
913 2215 933 2245 i.
955 2225 982 2253 7.
1001 2215 1021 2243 6
1191 2222 1252 2251 712
1277 2224 1341 2243 πως
1366 2210 1472 2242 πάντα

147 2261 280 2302 στρέφει
306 2260 544 2290 Herwerden:
568 2273 632 2292 πως
657 2258 850 2299 ἀναστρέφει
879 2258 964 2288 LP:
988 2255 1081 2289 πάντ’
1104 2255 1295 2297 ἀναστρέφει
1320 2252 1470 2285 Schenkl

148 2314 209 2342 713
234 2305 282 2344 χῶ
299 2303 359 2342 μὲν
374 2303 605 2334 Wilamowitz
721 2311 781 2341 717
807 2302 896 2343 δορὸς
919 2301 1067 2343 τρικυμία
1085 2300 1204 2330 Bruhn
1323 2306 1385 2337 725
1411 2296 1471 2328 σὺν

149 2347 175 2377 L
187 2347 214 2377 P
305 2347 413 2379 ἔλιπες
432 2346 459 2376 L
474 2346 500 2376 P
