1658 2740
646 93 987 131 ΕΥΡΙΠΙΔΟΥ

155 201 225 239 Θε.
253 196 343 238 ἀλλ’
369 197 442 238 εἷα·
480 197 569 240 τοὺς
593 198 666 248 μὲν
693 199 928 237 Πελοπιδῶν
956 198 1004 237 ἐῶ
1030 198 1184 249 νόμους·

253 265 400 316 καθαρὰ
424 265 498 316 γὰρ
523 265 615 315 ἡμῖν
641 263 796 314 δώματ’·
836 263 880 303 οὐ
905 265 979 316 γὰρ
1006 264 1144 305 ἐνθάδε
1395 278 1478 310 1430

249 330 387 385 ψυχὴν
412 331 541 383 ἀφῆκε
567 329 792 373 Μενέλεως’
830 332 898 371 ἴτω
924 330 967 371 δέ
992 347 1047 373 τις

251 397 418 449 φράσων
442 397 634 452 ὑπάρχοις
659 400 740 440 τοῖς
765 399 872 449 ἐμοῖς
898 397 1033 450 φέρειν
1059 397 1196 450 γάμων

251 463 446 516 ἀγάλματ’
473 466 600 507 οἴκους
628 466 682 506 εἰς
708 465 835 515 ἐμούς·
874 467 1008 505 πᾶσαν
1034 466 1075 505 δὲ
1101 465 1178 519 χρὴ

251 534 368 583 γαῖαν
391 533 568 582 βοᾶσθαι
591 533 801 583 μακαρίαις
827 532 1036 585 ὑμνῳδίαις

252 597 437 649 ὑμέναιον
461 597 630 648 Ἑλένης
657 598 792 649 κάμόν,
822 598 873 640 ὡς
900 598 1072 649 ζηλωτὸς
1096 597 1134 655 ᾗ.
1392 612 1474 643 1435

318 664 368 705 σὺ
394 664 439 710 δ’,
466 662 495 705 ὦ
520 663 611 715 ξέν’,
641 665 779 711 ἐλθών,
808 665 1020 717 πελαγίους
1046 667 1086 707 ἐς
1111 665 1290 718 ἀγκάλας

250 731 302 786 τῷ
328 733 449 781 τῆσδε
473 732 564 783 πρίν
589 730 675 771 ποτ’
702 733 785 771 ὄντι
810 731 898 772 δοὺς
924 731 1041 771 πόσει
1066 731 1171 778 τάδε,

251 796 372 838 πάλιν
397 797 491 849 πρὸς
517 799 645 839 οἴκους
671 797 807 837 σπεῦδ’
834 796 931 848 ἐμὴν
955 795 1116 849 δάμαρτ’
1142 798 1259 851 ἔχων,

251 863 301 905 ὡς
326 864 414 906 τοὺς
439 862 586 916 γάμους
609 863 699 905 τοὺς
723 865 846 913 τῆσδε
870 864 1086 906 συνδαίσας
1111 865 1197 915 ἐμοὶ

251 930 403 986 στέλλῃ
428 930 522 982 πρὸς
547 931 676 972 οἴκους
699 926 722 980 ἢ
749 929 877 981 μένων
904 929 1143 987 εὐδαιμονῇς.
1394 944 1476 975 1440

153 999 228 1038 Με.
250 995 278 1036 ὦ
304 1000 392 1043 Ζεῦ,
421 996 546 1049 πατήρ
571 1014 615 1038 τε
640 997 702 1037 καὶ
729 996 858 1049 σοφὸς
886 994 1006 1053 κλῄζῃ
1032 998 1132 1044 θεός,

249 1062 413 1116 βλέψον
438 1063 533 1116 πρὸς
557 1064 658 1114 ἡμᾶς
684 1064 746 1104 καὶ
770 1061 1023 1114 μετάστησον
1049 1067 1190 1104 κακῶν.

251 1130 412 1171 ἕλκουσι
437 1129 469 1170 δ’
493 1131 586 1181 ἡμῖν
613 1130 708 1182 πρὸς
733 1129 858 1172 λέπας
886 1131 954 1172 τὰς
980 1132 1189 1182 συμφορὰς

251 1198 403 1253 σπουδῇ
429 1197 620 1249 σύναψαι·
660 1196 730 1237 κᾶν
756 1195 855 1250 ἄκρᾳ
880 1198 993 1253 θίγῃς
1018 1198 1118 1250 χερί,

248 1262 395 1315 ἥξομεν
420 1263 468 1304 ἵν’
494 1265 625 1304 ἐλθεῖν
649 1263 910 1314 βουλόμεσθα
934 1265 1003 1313 τῆς
1027 1264 1160 1317 τύχης.
1387 1276 1474 1309 1445

250 1330 339 1372 ἃλις
363 1332 404 1371 δὲ
428 1331 589 1384 μόχθων
614 1330 680 1372 οὓς
705 1331 949 1384 ἐμοχθοῦμεν
975 1327 1110 1382 πάρος.

251 1396 447 1447 κέκλησθέ
470 1414 548 1448 μοι,
576 1397 671 1442 θεοί,
698 1394 846 1443 πολλά,
874 1395 1018 1451 χρήσθ’
1044 1397 1139 1448 ὁμοῦ
1166 1397 1298 1438 κλύειν

250 1465 311 1505 καὶ
336 1463 464 1516 λύπρ’·
502 1465 652 1516 ὀφείλω
679 1462 712 1503 δ’
738 1463 806 1503 οὐκ
832 1463 893 1504 ἀεὶ
918 1461 1117 1516 πράσσειν
1144 1468 1282 1510 κακῶς,

248 1531 349 1585 ὀρθῷ
374 1532 414 1571 δὲ
439 1533 561 1582 βῆναι
586 1532 689 1571 ποδί·
726 1531 820 1581 μίαν
845 1530 888 1570 δέ
911 1547 976 1581 μοι
1001 1528 1116 1584 χάριν

249 1597 381 1639 δόντες
405 1597 449 1637 τὸ
473 1597 615 1638 λοιπὸν
641 1597 783 1651 εὐτυχῆ
808 1614 857 1648 με
884 1595 1038 1647 θήσετε.
1388 1610 1478 1642 1450

149 1734 222 1771 Χο.
516 1734 718 1773 Φοίνισσα
743 1734 932 1775 Σιδωνιὰς
957 1731 986 1773 ὦ
1316 1729 1419 1787 [στρ.
1447 1732 1481 1774 α’

515 1803 656 1853 ταχεῖα
682 1800 792 1840 κώπα
815 1801 998 1852 ῥοθίοισι,
1026 1799 1154 1853 μάτηρ

516 1867 684 1918 εἰρεσίας
710 1868 824 1918 φίλα,

515 1935 665 1986 χοραγὲ
690 1937 768 1974 τῶν
795 1934 1048 1986 καλλιχόρων

582 2000 796 2052 δελφίνων,
824 2001 919 2040 ὅταν
943 2001 1078 2051 αὔραις
1392 2011 1474 2043 1455

646 2066 820 2118 πέλαγος
845 2065 1039 2117 ἀνήνεμον
1063 2065 1100 2122 ᾗ,

195 2169 274 2198 1433
299 2161 361 2201 χρὴ
381 2160 564 2191 Matthiae:
589 2162 672 2201 χρῆν
690 2160 715 2189 L
728 2158 754 2188 P
846 2167 926 2197 1435
951 2157 987 2201 ᾗ]
1007 2158 1030 2190 ὧ
1047 2158 1227 2189 XVecklein
1314 2168 1392 2197 1441
1418 2158 1472 2199 τε]

147 2203 207 2244 ’γὰρ
220 2203 400 2234 Kirchhoff
507 2214 587 2243 1443
613 2202 714 2235 λέπας
727 2202 931 2241 Musgrave:
956 2202 1058 2234 λύπας
1071 2202 1097 2232 L
1110 2201 1137 2232 P
1250 2212 1330 2241 1447
1356 2202 1474 2242 χρήστ’

150 2248 223 2284 ἐμοῦ
242 2246 267 2276 L
281 2247 318 2277 P:
337 2257 421 2277 corr.
437 2247 553 2277 Nauck
640 2247 719 2284 1448
730 2245 845 2285 λυπρά·
860 2246 900 2276 L:
916 2245 1022 2286 λυπρά
1031 2245 1063 2286 γ’
1078 2245 1117 2275 L‘2
1130 2245 1156 2275 P
1248 2255 1330 2284 1452
1340 2247 1473 2287 ῥοθίοισι

149 2289 294 2321 Canter:
319 2290 437 2331 ρόθυισι
457 2291 481 2320 L
495 2291 520 2320 P
651 2289 754 2330 μάτηρ
780 2289 943 2319 Matthiae
961 2299 968 2318 z
991 2288 1096 2328 μήτηρ
1122 2288 1147 2318 L
1161 2288 1209 2319 P:
1234 2287 1361 2329 Νηρέως
1385 2288 1472 2318 Bad-

148 2333 225 2363 ham
330 2343 409 2372 1453
436 2335 571 2374 εἰρεσίας
590 2333 758 2364 Fritzsche
774 2343 781 2362 ε
807 2332 924 2373 εἰρεσία
940 2332 974 2362 l:
1001 2332 1107 2373 ἐρεσία
1125 2331 1151 2362 L
1164 2331 1190 2362 P
1293 2332 1375 2370 1456
1400 2332 1472 2370 ἀνή-

149 2390 243 2417 νεμον
260 2377 402 2415 scripsi:
427 2378 562 2416 νήνεμον
580 2377 605 2406 L
617 2377 642 2406 P
