1658 2740
380 108 702 146 1‹1›1FENE1A
758 111 792 147 ΙΙ
847 111 923 147 EN
973 111 1185 148 Α’ΥΛΙΔΙ

421 214 610 254 τεσίλαόν
635 213 667 254 τ’
695 215 758 255 ἐπὶ
786 214 917 256 θάκοις
1383 229 1442 261 195

421 283 586 320 πεσσῶν
611 280 826 331 ἡδομένους
849 297 943 332 μορ-

487 349 606 397 φαῖσι
630 347 900 389 πολυπλόκοις

354 411 597 463 Παλαμήδεά
622 411 669 458 θ’,
698 411 742 453 ὃν
766 412 853 453 τέκε
879 417 969 455 παῖς
994 415 1014 453 ὁ
1041 416 1187 454 Ποσει-

485 480 613 523 δᾶνος,
645 478 850 530 Διομήδεά
875 479 910 518 θ’
934 480 1023 530 ἡδο-

421 547 504 586 ναῖς
530 544 668 585 δίσκου
699 545 981 598 κεχαρημένον,
1379 561 1443 583 ²00

419 612 523 662 παρὰ
547 612 588 651 δὲ
615 612 836 662 Μηριόνην,
857 611 1000 665 ”Apsos

483 677 583 726 ὄζον,
614 679 740 728 θαῦμα
765 682 986 730 βροτοῖσιν,

417 742 486 782 τὸν
511 742 589 783 ἀπὸ
615 745 791 794 νησαίων
816 744 850 784 τ’
875 745 997 797 ὀρέων

419 808 575 861 Λαέρτα
600 810 729 856 τόκον,
759 811 838 862 ἅμα
863 813 905 852 δὲ
931 815 1004 852 Νι-

485 875 567 927 ρέα,
597 876 816 918 κάλλιστον
842 877 1028 932 Ἀχαιῶν.
1380 891 1442 922 205

251 1005 317 1011 —
418 988 486 1026 τόν
514 984 704 1037 ἰσάνεμόν
732 1003 775 1027 τε
799 990 937 1028 ποδοῖν

485 1054 816 1104 λαιψηροδρόμον
841 1053 1024 1107 Ἀχιλῆα,

420 1117 489 1158 τὸν
509 1119 532 1157 ἁ
558 1117 679 1161 Θέτις
704 1118 792 1160 τέκε
819 1120 879 1160 καὶ
904 1122 1058 1173 Χείρων

486 1183 743 1235 ἐξεπόνησεν,
772 1185 876 1227 εἶδον

420 1251 617 1303 αἰγιαλοῖς
645 1251 749 1304 παρά
775 1269 818 1293 τε
843 1251 1052 1305 κροκάλαις
1320 1249 1323 1251 ’
1379 1266 1444 1289 210

487 1318 630 1370 δρόμον
658 1317 805 1371 ἔχοντα
829 1319 904 1360 σὺν
929 1320 1082 1362 ὅπλοις·

425 1382 600 1435 ἅμιλλαν
627 1383 659 1424 δ’
687 1385 819 1426 ἐπόνει
844 1388 982 1427 ποδοῖν

555 1453 651 1502 πρὸς
678 1450 782 1503 ἅρμα
805 1451 998 1505 τέτρωρον

488 1517 667 1557 ἑλίσσων
692 1519 781 1570 περὶ
806 1519 927 1561 νίκας.
1382 1533 1442 1564 215

421 1583 442 1622 ὁ
467 1585 509 1624 δὲ
533 1583 780 1636 διφρηλάτας
804 1585 953 1636 ἐβοᾶτ’,

423 1649 607 1700 Εὔμηλος
632 1650 888 1703 Φερητιάδας,

422 1713 451 1770 ᾧ
475 1716 715 1758 καλλίστους
740 1717 877 1768 ἰδόμαν

423 1781 787 1835 χρυσοδαιδάλτους
812 1785 991 1834 στομίοις

424 1848 582 1890 πώλους
610 1847 753 1903 κέντρῳ
781 1850 1037 1901 θεινομένους,
1381 1865 1444 1886 ²20

422 1914 512 1955 τοὺς
536 1916 608 1965 μὲν
632 1914 778 1966 μέσους
805 1916 956 1968 ζυγίους

421 1982 688 2036 λευκοστίκτῳ
712 1982 818 2035 τριχὶ
841 1983 1022 2033 βαλιούς,

166 2084 227 2114 195
253 2076 361 2108 θώκοις
377 2085 544 2115 suprascr.
566 2075 606 2105 P2
743 2077 804 2114 196
827 2078 932 2107 πεσῶν
949 2075 1103 2114 primitus
1122 2074 1149 2104 P
1273 2075 1442 2115 (ἰδομένους

120 2116 290 2148 Fritzsche
405 2129 465 2158 199
489 2121 515 2151 δ’
533 2119 658 2151 ἁδοναΐς
676 2118 836 2158 Hartung
946 2128 1010 2148 202
1034 2121 1179 2159 βροτοῖσι
1199 2117 1224 2147 L
1240 2117 1284 2149 P:
1303 2132 1320 2150 ν
1337 2120 1411 2149 add.
1431 2119 1445 2148 l

119 2170 184 2199 209
209 2160 401 2201 ἐξεπόνησεν
418 2163 573 2201 prImitus
593 2162 618 2191 L
638 2163 687 2200 (et
705 2161 890 2201 Elmsley):
918 2161 1107 2201 ἐξεπόνασεν
1125 2160 1165 2191 L2
1180 2160 1206 2190 P
1316 2171 1380 2192 210
1396 2163 1441 2193 αι’-

117 2206 282 2244 ’γιαλοΐσιν
299 2204 325 2234 L
340 2204 367 2234 P
500 2204 667 2246 κροκάλαις
686 2205 712 2234 L
727 2217 733 2235 ε
753 2204 922 2246 κροτάλαις
937 2203 964 2233 Ρ
1095 2212 1158 2242 215
1183 2202 1291 2245 ἐρίζων
1308 2203 1440 2234 Piccolo

119 2248 183 2276 216
207 2249 316 2284 ἐβοᾶτ’
334 2247 494 2279 Dindorf:
520 2249 612 2285 floar’
634 2247 659 2277 L
675 2247 701 2278 P
832 2249 895 2277 218
920 2245 959 2287 ᾧ]
978 2246 1013 2279 οὗ
1030 2247 1206 2277 Hermann
1329 2247 1440 2286 ἰδόμαν

121 2288 284 2320 Dindorf:
310 2290 439 2330 εἰδόμαν
463 2290 529 2320 LP
617 2300 682 2330 219
705 2291 865 2330 στομίοισι
891 2290 917 2320 Ρ
1007 2300 1065 2321 221
1090 2289 1206 2330 μέσους
1231 2289 1295 2320 del.
1313 2289 1439 2321 Weck-

119 2331 204 2363 lein:
229 2333 370 2364 fortasse
385 2333 592 2374 μεσοζυγίους

207 2403 288 2424 EUR.
309 2403 358 2426 111.
1313 2396 1351 2425 19
