1658 2740
386 466 813 504 ΑΡΙΣΤΟΦΑΝΟὙΣ
860 467 1147 505 ΎΠΟΘΕΣΙΣ

145 572 266 617 Ῥῆσος
305 575 385 610 παῖς
422 575 484 618 μὲν
515 572 553 617 ἧν
587 575 777 619 Στρυμόνος
816 577 877 609 τοῦ
910 577 1064 619 ποταμοῦ
1105 575 1158 608 καὶ
1199 575 1426 620 Τερψιχόρης,

99 636 246 666 Μουσῶν
273 634 361 677 μιᾶς,
389 635 529 678 θρᾳκῶν
561 632 597 666 δέ
632 631 814 678 ἡγούμενος
844 632 889 668 εἷς
912 630 1022 667 Ἴλιον
1053 633 1270 678 παραγίνεται
1300 635 1424 674 νυκτός,

97 691 487 736 στρατζοπεδ>ευομένων
520 694 586 725 τῶν
617 693 740 737 Τρώων
777 693 869 736 παρὰ
902 693 974 727 ταῖς
1011 693 1108 726 ναυσὶ
1144 695 1209 726 τῶν
1241 691 1425 736 Ἑλλήνων.

96 750 218 783 τοῦτον
236 748 426 784 Ὀδυσσεὺς
448 750 500 783 καὶ
520 749 687 794 Διομήδης
710 751 917 785 κατάσκοποι
940 749 1033 785 ὅντες
1055 750 1266 795 ἀναιροῦσιν,
1283 748 1427 792 Ἀθηνᾶς

96 807 207 842 αὐτοῖς
222 806 436 851 ὑποθεμένης’
459 808 567 853 μέγαν
584 809 650 853 γὰρ
668 808 809 843 ἔσεσθαι
826 810 898 844 τοῖς
911 808 1059 852 ’Ἕλλησι
1081 808 1231 843 κίνδυνον
1246 807 1280 843 ἐκ
1293 807 1424 843 τούτου.
1446 823 1463 853 5

95 866 295 911 Τερψιχόρη
317 866 351 900 δὲ
369 865 577 911 ἐπιφανεῖσα
594 867 631 901 τὸ
649 869 708 900 τοῦ
725 867 844 902 παιδὸς
863 870 961 910 σῶμα
983 865 1144 900 ἀνείλετο.
1172 867 1216 902 ὡς
1235 866 1270 901 ἐν
1288 867 1426 913 παρόδῳ

95 923 130 957 δέ
149 924 370 969 διαλαμβάνει
386 925 439 959 καὶ
457 925 533 970 περὶ
551 927 611 960 τοῦ
629 926 738 970 φόνου
756 927 816 960 τοῦ
834 926 1001 960 Δόλωνος.

142 980 161 1024 ἡ
183 983 288 1026 σκηνὴ
310 984 370 1016 τοῦ
393 982 562 1028 δράματος
585 982 621 1018 ἐν
642 984 756 1028 Τροίᾳ.
809 984 827 1016 ὁ
848 984 950 1028 χορὸς
973 982 1181 1026 συνέστηκεν
1204 982 1240 1017 ἐκ
1262 984 1424 1027 φυλάκων

95 1043 258 1084 Τρωικῶν,
277 1039 309 1074 οἳ
326 1040 380 1074 καὶ
396 1041 652 1086 προλογίζουσι.
702 1040 850 1086 περιέχει
874 1041 909 1075 δέ
926 1041 986 1084 τὴν
1004 1042 1266 1086 Νυκτεγερσίαν.

1124 1098 1158 1132 V
1176 1099 1206 1132 L
1226 1099 1251 1132 P
1273 1099 1378 1134 Harl.

138 1194 386 1236 Ἀριστοφάνους
404 1194 550 1227 ὑπόθεσις
567 1194 617 1225 V:
642 1195 794 1227 ὑπώθεσις
811 1195 910 1235 ρήσου
929 1194 1024 1225 Harl.
1043 1204 1050 1224 τ
1075 1204 1139 1225 om.
1163 1194 1188 1224 L
1202 1193 1228 1224 P
1320 1203 1332 1224 1
1353 1197 1424 1226 παῖς

95 1247 162 1268 non
180 1243 258 1277 post
275 1240 385 1277 Ῥῆσος
401 1239 462 1269 sed
479 1242 557 1277 post
573 1240 645 1277 μιᾶς
662 1238 802 1269 collocat
819 1238 849 1268 V
939 1240 989 1270 καὶ
1008 1248 1072 1269 om.
1093 1237 1190 1268 Harl.
1289 1247 1309 1275 3
1327 1249 1423 1278 στρα·

94 1281 272 1320 τευομένων
296 1282 409 1312 codd-t
443 1291 529 1313 corr.
553 1281 732 1312 Wecklein
840 1285 906 1313 τῶν
937 1287 1014 1312 ante
1041 1282 1154 1322 Τρώων
1177 1291 1242 1311 om.
1269 1279 1300 1310 V
1324 1280 1422 1312 Harl.

93 1333 113 1362 5
138 1326 244 1357 αὐτοῖς
257 1335 322 1355 om.
338 1325 364 1355 L
375 1324 401 1355 P
488 1324 589 1365 μέγας
601 1327 662 1367 γὰρ
677 1325 816 1365 ἔμελλεν
830 1325 958 1357 ἔσεσθαι
972 1327 1040 1357 τοῖς
1055 1325 1173 1362 ἕλλησι
1187 1324 1328 1356 κίνδυνος
1344 1324 1369 1354 L
1380 1323 1421 1355 P:

93 1367 198 1409 μέγαν
221 1367 256 1400 δὲ
279 1368 408 1400 ἔσεσθαι
430 1370 498 1400 τοῖς
523 1368 662 1406 ἕλλησιν
685 1368 829 1400 κίνδυνον
851 1368 968 1399 Harl.:
991 1367 1095 1409 μέγαν
1117 1368 1180 1408 γὰρ
1204 1368 1333 1400 ἔσεσθαι
1357 1367 1422 1399 κίν-

94 1413 186 1443 δυνον
198 1410 228 1441 V
329 1412 351 1441 6
363 1421 413 1451 Sq.
438 1413 478 1443 ὡς
492 1436 498 1443 .
512 1411 698 1444 ..Δόλωνος
716 1411 840 1442 habent
858 1411 884 1442 L
896 1411 922 1442 Ρ
937 1422 943 1442 :
969 1422 1033 1443 om.
1052 1411 1082 1442 V
1097 1411 1189 1442 Harl.
