1658 2740
324 129 649 166 ΙψΙΓΕΝΕΙΑ
701 129 736 164 Η
790 129 865 165 EN
917 129 1131 166 ΑὙᾹΙΔΙ

166 230 260 272 ἀλλ’
285 230 329 271 οὐ
356 231 464 282 θέμις
490 249 568 272 σοι.
641 233 700 274 τίς
725 233 766 272 δὲ
794 232 856 271 καὶ
879 230 1195 283 προσβλέψεται

165 298 314 338 παίδων
340 298 392 345 σ’,
420 298 469 339 ἵν’
495 298 624 339 αὐτῶν
651 296 898 350 προσέμενος
929 297 1074 353 κτάνῃς
1100 297 1205 344 nuci,-

232 364 338 405 ταῦτ’
364 364 481 415 ἦλθες
506 365 578 416 ἤδη
608 366 669 405 διὰ
695 366 840 416 λόγων,
872 361 896 414 ἢ
926 363 1109 416 σκῆπτρά
1135 381 1202 404 σοι

163 430 286 482 μόνον
311 431 512 484 διαφέρειν
537 433 601 472 καὶ
629 434 922 482 στρατηλατεῖν
949 430 1082 482 μέλει,·
1311 444 1392 477 1195

165 497 209 538 ὃν
234 500 335 551 χρῆν
359 499 508 539 δίκαιον
532 499 657 550 λόγον
684 499 725 538 ἐν
752 498 950 551 Ἀργείοις
978 497 1126 549 λέγειν·

166 564 372 612 Βούλεσθ’,
400 564 570 619 Ἀχαιοί,
600 568 716 605 πλεῖν
743 568 913 617 Φρυγῶν
942 565 1006 605 ἐπὶ
1031 565 1174 617 χθόνα;

165 633 310 683 κλῆρον
333 632 494 672 τίθεσθε
519 631 626 672 παῖδ’
653 632 744 672 ὅτου
773 633 907 672 θανεῖν
936 631 1076 685 χρεών.

165 698 207 737 ἐν
233 700 307 752 ἴσῳ
333 699 407 750 γὰρ
433 697 480 748 ἦν
504 698 598 745 τόδ’,
630 699 734 738 ἀλλὰ
762 698 814 749 μὴ
845 700 892 738 σὲ
920 697 1121 750 ἐξαίρετον

163 763 341 816 σφάγιον
365 769 588 818 παρασχεῖν
619 765 863 805 Δαναΐδαισι
892 768 1013 805 παῖδα
1038 763 1128 814 σήν,
1310 776 1392 800 1200

161 827 185 880 ἢ
213 830 426 872 Μενέλεων
451 831 526 884 πρὸ
550 832 698 884 μητρὸς
727 831 941 884 Ἑρμιόνην
968 834 1135 877 κτανεῖν,

163 897 283 949 οὗπερ
309 901 352 938 τὸ
378 898 524 950 πρᾶγμ’
551 897 609 949 ἦν.
690 902 757 940 νῦν
783 899 815 939 δ’
842 899 920 950 ἐγὼ
946 900 1019 949 μὲν
1042 897 1066 948 ἡ
1092 897 1136 938 τὸ
1162 897 1236 939 σὸν

163 962 343 1019 σῴζουσα
366 964 531 1017 λέκτρον
558 965 695 1007 παιδὸς
725 964 1006 1018 ἐστερήσομαι,

161 1030 184 1080 ἡ
211 1030 243 1070 δ’
270 1029 545 1083 ἐξαμαρτοῦσ’,
574 1032 803 1084 ὑπότροφον
835 1031 994 1073 νεάνιδα

163 1096 322 1152 Σπάρτῃ
349 1097 562 1148 κομίζουσ’,
592 1098 758 1152 εὐτυχὴς
787 1097 1011 1150 γενήσεται.
1309 1109 1390 1140 1205

229 1163 376 1203 τούτων
400 1162 574 1214 ἄμειψαί
594 1163 633 1214 μ’
660 1166 697 1205 εἴ
718 1181 756 1204 τι
785 1164 837 1215 μὴ
866 1169 995 1206 καλῶς
1018 1163 1137 1216 λέγω·

164 1231 198 1270 εἶ
222 1229 256 1270 δ’
283 1229 323 1270 εῧ
346 1229 544 1276 λέλεκται,
575 1226 675 1271 Ἰ“νῶι
698 1230 751 1282 μὴ
783 1229 829 1281 δή
855 1248 901 1283 γε
928 1226 1098 1286 κτάνῃςΤ

163 1296 234 1346 τὴν
259 1295 334 1347 σήν
359 1313 401 1338 τε
427 1296 552 1348 κάμὴν
580 1299 711 1344 παῖδα,
746 1298 808 1338 καὶ
835 1297 1010 1350 σώφρων
1035 1297 1121 1353 ἔσῃ.

62 1365 134 1403 Χο.
162 1365 288 1404 πιθοῦ.
359 1363 403 1404 τὸ
430 1363 504 1416 γάρ
528 1381 589 1404 τοι
615 1362 734 1405 τέκνα
763 1362 978 1419 συνσῴζειν
1004 1364 1139 1410 καλόν,

163 1429 427 1482 Ἀγάμεμνον·
465 1430 591 1473 οὐδεὶς
618 1431 716 1483 πρὸς
744 1430 828 1472 τάδ’
855 1431 1012 1483 ἀντερεῖ
1033 1433 1202 1483 βροτῶν.
1309 1442 1392 1465 1²10

65 1498 128 1548 Ιφ.
157 1497 190 1537 εἷ
212 1499 284 1547 μὲν
310 1497 378 1538 τὸν
403 1495 588 1550 Ὀρφέως
617 1497 740 1552 εἶχον,
772 1496 802 1538 ὦ
828 1497 964 1551 πάτερ,
991 1497 1128 1550 λόγον,

163 1564 313 1604 πείθειν
338 1562 541 1619 ἐπᾴδουσ’,
572 1564 668 1604 ὥσθ’
698 1565 882 1617 ὁμαρτεῖν
907 1581 973 1615 μοι
997 1562 1154 1616 πέτρας,

164 1633 298 1680 κηλεῖν
323 1647 365 1671 τε
389 1634 471 1673 τοῖς
500 1632 685 1683 λόγοισιν
716 1631 782 1673 οὓς
807 1632 1048 1682 ἐβουλόμην,

163 1697 314 1737 ἐνταῦθ’
340 1696 388 1737 ἂν
413 1696 549 1747 ἦλθον·
596 1701 664 1738 νῦν
690 1696 745 1744 δέ,
772 1697 863 1737 τάπ’
891 1699 984 1748 ἐμοῦ
1010 1695 1134 1749 σοφά,

147 1762 311 1815 ’δάκρυα
335 1762 506 1815 παρέξω·
552 1767 674 1804 ταῦτα
699 1765 774 1816 γὰρ
799 1763 995 1814 δυναίμεθ’
1021 1763 1084 1804 ἄν.
1308 1773 1390 1805 1215

165 1831 360 1883 ἱκετηρίαν
386 1832 427 1871 δὲ
456 1832 624 1883 γόνασιν
652 1829 806 1881 ἐξάπτω
832 1828 948 1871 σέθεν

109 1934 192 1963 1193
217 1923 256 1956 ἵν’
284 1924 459 1963 Elmsley:
493 1926 548 1956 ἐὰν
572 1925 637 1955 LP
839 1922 1033 1964 προσέμενος
1056 1922 1172 1953 Weil:
1203 1919 1392 1963 προθέμενος

66 1967 92 1996 L
105 1967 130 1997 P
284 1978 366 2007 1194
391 1967 487 2005 ἦλθες
506 1968 681 1999 Hermann
699 1980 705 1999 :
731 1967 830 2005 ἦλθεν
848 1967 894 1997 L:
919 1965 991 2004 ἦλθ’
1011 1966 1037 1996 Ρ
1202 1973 1284 2003 1195
1300 1964 1392 2003 μέλει

65 2010 268 2050 Musgrave:
297 2024 334 2043 σε
353 2014 402 2043 δεῖ
416 2011 442 2041 L
456 2012 482 2041 P
576 2014 658 2050 1196
687 2013 771 2052 χρῆν
790 2010 941 2041 Reiske:
967 2010 1031 2049 χρὴ
1051 2009 1114 2039 LP
1206 2008 1289 2046 1198
1314 2008 1392 2038 ὅπου

63 2054 217 2093 primitus
237 2054 263 2084 P
393 2064 475 2094 ¹199
502 2054 556 2094 σὲ]
578 2055 607 2086 σ’
628 2054 692 2085 LP
842 2063 922 2084 1201
952 2053 1011 2093 πρὸ
1031 2052 1205 2090 Scaliger:
1234 2051 1310 2092 πρὸς
1329 2049 1393 2080 LP

67 2107 150 2136 1203
169 2099 386 2138 ὑστερήσομαι
405 2097 431 2127 L
448 2097 491 2128 P:
521 2108 606 2129 corr.
627 2098 754 2128 Reiske
851 2107 933 2135 1204
957 2095 1138 2137 ὑπότροφον
1156 2095 1181 2125 L
1200 2105 1207 2125 :
1235 2092 1390 2135 ὑπόστρο-

64 2147 126 2179 φον
144 2140 170 2170 Ρ
187 2152 194 2171 :
218 2141 379 2181 ὑπόροφον
397 2140 551 2180 Scaliger
647 2142 730 2172 1206
756 2142 888 2181 ἄμειψον
907 2145 943 2170 ut
963 2139 1095 2169 videtur
1113 2138 1153 2168 Ρ2
1238 2147 1318 2175 1207
1337 2139 1392 2168 ιιῶι

66 2183 93 2213 L
105 2183 146 2214 Ρ’Ζ
163 2195 171 2214 2
195 2187 237 2216 νῶ
255 2184 282 2214 Ρ
517 2184 666 2224 μετανόει
682 2186 725 2224 μὴ
749 2186 787 2222 δὴ
802 2186 931 2216 κτανεῖν
959 2182 1164 2213 Heimsoeth
1182 2193 1189 2212 τ
1212 2182 1255 2220 μὴ
1273 2180 1392 2218 κτάνῃς

63 2225 261 2268 (ἱκνούμεθα)
281 2227 457 2258 Hermann
657 2238 740 2258 1210
772 2229 899 2268 ἀντερεῖ
925 2226 1098 2265 Elmsley:
1132 2225 1275 2256 ἀντείποι
1306 2222 1392 2253 LP:

63 2269 164 2302 τοῖο-δ’
183 2272 221 2303 ἂν
245 2271 387 2303 ἀντείποι
413 2271 548 2310 Burges
685 2281 767 2309 1214
796 2270 918 2303 ἐνταῦθ’
947 2271 1087 2307 ἀνῆλθον
1113 2269 1140 2299 L
1156 2268 1202 2299 P:
1238 2276 1322 2298 corr.
1351 2265 1392 2296 Ρ2

64 2322 130 2386 ἱ2Ι1)
129 2322 148 2352 5
165 2314 285 2355 ταῦτα]
301 2317 399 2348 τοῦτο
415 2314 597 2346 Wecklein
763 2313 920 2353 δυναίμεθ’
940 2314 978 2346 ἄν
996 2311 1174 2343 Markland
1188 2322 1194 2343 :
1225 2310 1392 2350 δυναίμεθα
