1658 2740
684 116 1031 154 ΕΥΡΙΠΙΔΟΥ

291 220 539 270 Φιλοτιμίας,
566 223 655 266 παῖς
691 219 744 270 μὴ
771 219 823 260 σύ
845 218 895 272 γ’·
931 219 1063 262 ἄδικος
1085 219 1108 270 ἡ
1135 219 1235 260 θεός·

291 286 464 328 πολλοὺς
490 285 523 326 δ’
549 287 589 328 ἐς
614 288 743 328 οἴκους
769 286 831 326 καὶ
855 286 994 328 πόλεις
1019 286 1250 336 εὐδαίμονας

291 353 439 403 ἐσῆλθε
465 351 625 403 κάξῆλθ’
651 352 712 394 ἐπ’
737 352 888 408 ὀλέθρῳ
913 356 991 393 τῶν
1015 350 1241 406 χρωμένων·

290 418 356 471 ἐφ’
380 417 407 475 ᾗ
431 418 480 460 σὺ
503 421 636 476 μαίνῃ.
709 423 813 460 κεῖνο
839 418 1020 466 κάλλιον,
1045 417 1197 465 τέκνον,
1452 434 1514 465 535

289 485 472 537 Ἰσότητα
497 489 625 537 τιμᾶν,
653 485 677 537 ἢ
703 487 847 539 φίλους
872 486 933 527 ἀεὶ
960 487 1097 538 φίλοις

286 553 424 595 πόλεις
449 570 493 593 τε
517 554 663 594 πόλεσι
688 552 920 606 συμμάχους
943 570 987 594 τε
1011 551 1234 605 συμμάχοις

282 622 429 660 συνδεῖ·
466 619 510 659 τὸ
536 621 611 672 γὰρ
636 621 726 661 ἴσον
749 621 916 671 μόνιμον
942 619 1163 672 ἀνθρώποις
1188 618 1278 672 ἔφυ,

285 686 337 741 τῷ
360 685 500 727 πλέονι
524 686 557 726 δ’
582 687 658 728 αἰεὶ
683 686 877 737 πολέμιον
903 687 1140 727 καθίσταται

285 753 516 793 τοῦλασσον
542 754 687 806 ἐχθρᾶς
713 752 748 792 θ’
772 752 920 804 ἡμέρας
946 752 1195 806 κατάρχεται.
1448 767 1512 798 540

285 819 348 859 καὶ
372 821 447 871 γὰρ
471 818 580 872 μέτρ’
607 819 853 871 ἀνθρώποισι
878 819 941 859 καὶ
965 818 1063 872 μέρη
1090 821 1278 871 σταθμῶν

283 884 438 936 ’ἰσότης
463 884 577 936 ἔταξε
603 886 791 938 κάριθμὸν
817 886 987 938 διώρισε,

283 953 419 994 νυκτός
443 952 476 992 τ’
502 953 679 1005 ἀφεγγὲς
702 952 914 1006 βλέφαρον
938 953 1052 1004 ἡλίου
1077 969 1120 994 τε
1146 956 1232 1006 φῶς

284 1021 372 1060 ἴσον
394 1020 549 1071 βαδίζει
573 1019 643 1060 τὸν
668 1020 868 1061 ἐνιαύσιον
895 1020 1051 1067 κύκλον,

282 1086 509 1139 κούδέτερον
535 1087 662 1128 αὐτῶν
686 1087 837 1139 φθόνον
864 1087 949 1140 ἔχει
975 1086 1201 1137 νικώμενον.
1443 1099 1509 1133 545

281 1153 352 1194 εἶθ’
377 1153 490 1204 ἥλιος
515 1155 588 1204 μὲν
613 1153 686 1205 νύξ
707 1171 750 1194 τε
775 1154 953 1194 δουλεύει
977 1156 1140 1205 βροτοῖς

280 1220 330 1260 σὺ
355 1220 388 1260 δ’
414 1221 482 1262 οὐκ
507 1220 625 1276 ἀνέξῃ
651 1220 839 1271 δωμάτων
864 1221 969 1274 ἔχων
993 1221 1084 1260 ἴσον

280 1288 343 1327 καὶ
367 1287 466 1342 τῷδε
490 1291 638 1338 νεῖμαι;
678 1286 775 1342 κᾷτα
798 1290 873 1327 ποῦ
898 1286 1000 1326 ’στιν
1024 1286 1047 1337 ἡ
1073 1287 1178 1336 δίκη;

345 1354 386 1394 τί
407 1353 478 1404 τὴν
503 1353 711 1406 τυραννίδ’,
740 1355 893 1394 ἀδικίαν
919 1353 1143 1404 εὐδαίμονα,

277 1426 388 1476 τιμᾷς
412 1420 589 1473 ὑπέρφευ
614 1421 676 1460 καὶ
700 1419 789 1473 μέγ’
814 1420 963 1472 ἥγησαι
987 1421 1095 1466 τόδε;
1439 1433 1506 1465 550

277 1487 596 1540 περιβλέπεσθαι
620 1488 768 1538 τίμιον;
808 1487 921 1528 κενὸν
945 1489 1018 1539 μὲν
1044 1487 1124 1528 οὖν.

276 1551 298 1604 ἦ
325 1555 458 1595 πολλὰ
482 1557 649 1608 μοχθεῖν
673 1553 792 1595 πόλλ’
817 1554 924 1608 ἔχων
949 1555 992 1595 ἐν
1017 1554 1172 1604 δώμασι

275 1622 425 1678 βούλῃ;
463 1623 504 1662 τί
526 1621 558 1662 δ’
584 1621 672 1662 ἔστι
695 1621 740 1662 τὸ
764 1620 909 1669 πλέον,·
949 1619 1058 1672 ὄνομ’
1083 1621 1168 1674 ἔχει
1192 1620 1325 1671 μόνον·

219 1723 368 1753 532—534
385 1712 554 1744 clausulae
570 1724 622 1745 vv.
643 1714 692 1746 -ός
706 1727 756 1746 -ας
773 1728 831 1746 -ων
847 1714 911 1745 iam
930 1724 997 1744 non
1015 1718 1149 1744 exstant
1166 1713 1199 1744 in
1212 1713 1244 1744 V
1331 1722 1395 1752 532
1413 1719 1504 1754 φιλο-

176 1759 279 1796 τιμίας
297 1758 393 1788 Codd.
413 1763 446 1787 et
463 1763 508 1791 Σε
533 1758 718 1798 πλεονεξίας
737 1758 800 1788 Dio
818 1758 941 1797 Chrys.
966 1768 1015 1796 17,
1034 1767 1064 1797 p.
1082 1766 1147 1796 249
1165 1756 1192 1786 Β
1319 1766 1382 1796 535
1406 1760 1503 1789 τοῦτο

177 1802 357 1833 κάλλιστον
373 1804 503 1843 βροτοῖς
523 1801 588 1831 Dio
605 1801 726 1840 Chrys.
851 1802 914 1841 538
937 1800 1071 1840 μόνιμον
1087 1806 1124 1831 ut
1141 1799 1265 1831 iudicat
1277 1800 1501 1839 Valckenaer‚

176 1845 261 1875 Plut.
274 1845 348 1875 frat.
364 1855 427 1875 am.
442 1855 473 1884 p.
486 1845 549 1883 484
562 1844 602 1883 B,
618 1845 657 1875 cl.
673 1855 705 1884 p.
723 1845 782 1883 481
796 1844 827 1875 A
843 1856 849 1875 ι
874 1845 914 1875 cf.
930 1849 953 1877 Σ
972 1843 1029 1883 qui
1047 1842 1194 1884 ἀσφαλὲς
1211 1845 1260 1875 καὶ
1274 1843 1411 1881 βέβαιον
1428 1844 1502 1874 red-

174 1889 242 1919 dit:
268 1888 401 1928 νόμιμον
418 1888 513 1918 codd.
593 1898 657 1927 539
682 1889 807 1920 πλείονι
827 1889 852 1918 L
866 1888 892 1918 P
968 1897 1031 1926 540
1049 1887 1092 1927 θ’]
1111 1886 1137 1919 δ’
1157 1887 1183 1917 Ρ
1261 1886 1455 1929 κατέρχεται
1471 1887 1503 1917 Α

173 1942 232 1970 541
259 1934 321 1973 γὰρ
338 1942 403 1962 om.
425 1931 452 1961 L
528 1941 591 1970 543
617 1933 765 1972 ἀφεγγὴς
782 1932 814 1961 Α
892 1940 955 1971 545
980 1933 1035 1962 κού
1054 1931 1092 1962 δι’
1112 1930 1221 1971 ἕτερον
1237 1930 1267 1960 V
1351 1932 1459 1963 αὐτοῖν
1477 1931 1504 1961 Ρ

174 1976 244 2015 ἔχει
261 1974 379 2016 φθόνον
393 1974 425 2005 Α
515 1977 579 2013 546
603 1978 732 2017 βροτοῖς
753 1975 851 2005 codd.
873 1980 905 2004 et
924 1975 1067 2005 sortasse
1085 1973 1222 2004 Strattis
1239 1973 1384 2004 comicus
1402 1974 1440 2004 fr.
1459 1976 1502 2013 46

174 2024 227 2050 Ko.
247 2019 301 2058 qui
319 2019 461 2050 πείθεται
478 2021 546 2051 τοῖς
563 2019 698 2051 παιδίοις
715 2018 747 2048 in
768 2018 856 2048 hunc
874 2018 982 2048 Iocum
1002 2018 1085 2048 ludit
1101 2029 1108 2048 ε
1132 2021 1177 2058 τῷ
1190 2019 1250 2057 ἴσῳ
1267 2016 1452 2049 δουλεύουσι
1464 2022 1500 2056 Σ,

173 2063 232 2093 sed
255 2063 335 2092 nihil
355 2063 446 2093 aliud
465 2062 581 2093 habuit
608 2072 660 2092 me
687 2062 796 2092 iudice
825 2060 966 2102 (μέτροις
990 2061 1120 2101 Wei1):
1145 2071 1177 2091 v.
1196 2061 1340 2091 sortasse
1365 2061 1500 2091 aliunde

172 2107 297 2145 petitus
439 2116 501 2146 547
536 2116 586 2146 Sq.
622 2107 677 2138 ἐὰν
714 2105 878 2147 γράφηται
918 2105 1019 2144 ἔχειν,
1061 2105 1111 2136 καὶ
1151 2103 1332 2143 ἀπονέμειν
1372 2105 1428 2136 ἐὰν
1466 2103 1499 2136 δὲ

172 2151 266 2190 ἔχων,
287 2151 338 2182 καὶ
357 2150 525 2189 ἀπονέμων
542 2159 646 2189 prave
663 2154 688 2182 Σ
797 2149 860 2187 548
884 2151 965 2188 τῷδε
983 2151 1082 2187 νεῖμαι
1102 2147 1285 2178 Salmasius
1300 2159 1307 2177 :
1332 2147 1407 2188 τῷδ’
1425 2148 1500 2179 ἀπο-

171 2197 269 2233 νεῖμαι
301 2194 453 2224 MBVL
480 2193 665 2233 (ἀπονέμειν
690 2192 740 2223 P:
773 2191 938 2230 ἀπονέμων
962 2190 1031 2231 Α);
1067 2201 1202 2222 versum
1229 2191 1295 2221 del.
1328 2191 1498 2229 Schoene‚

169 2238 328 2268 omittunt
353 2237 408 2276 qui
433 2238 582 2276 546-547
609 2236 712 2267 citant
737 2235 902 2266 Eusebius
926 2244 1041 2275 praep.
1070 2245 1121 2266 ev.
1148 2235 1190 2265 vi.
1216 2244 1247 2273 p.
1276 2244 1340 2273 259
1363 2239 1397 2265 et
1421 2234 1497 2264 inde

169 2280 405 2311 Theodoretus
422 2280 464 2311 iv.
484 2291 515 2320 p.
534 2281 598 2318 804
743 2288 806 2318 552
828 2282 959 2320 μοχθῶν
976 2278 1002 2308 Ρ
1142 2287 1205 2317 553
1231 2278 1318 2319 ἔστι]
1338 2278 1408 2310 ἐστὶ
1427 2277 1459 2307 Μ
1472 2277 1498 2307 Ρ

169 2324 257 2364 ἔχειν
274 2325 429 2364 primitus
447 2324 479 2353 M
