1658 2740
78 1191 118 1213 10

506 547 792 587 ΎΠΟΘΕΣΙΣ
841 547 1092 586 ΟΡΕΣΤΟΎ·

182 653 347 699 Ὀρέστης
372 655 429 690 τὸν
449 654 558 700 φόνον
577 656 638 688 τοῦ
660 655 786 699 πατρὸς
811 655 1118 699 μεταπορευόμενος
1145 652 1276 688 ἀνεῖλεν
1302 652 1466 700 Αἴγισθον

136 713 188 747 καὶ
223 711 539 758 Κλυταιμνήστραν·
581 713 854 756 μητροκτονῆσαι
890 711 926 746 δέ
962 711 1138 755 τολμήσας
1169 713 1376 757 παραχρῆμα
1405 711 1467 756 τὴν

137 770 229 814 δίκην
266 770 386 805 ἔδωκεν
421 770 567 814 ἐμμανὴς
607 773 795 815 γενόμενος.
855 769 1029 813 Τυνδάρεω
1070 769 1106 803 δέ
1145 773 1206 804 τοῦ
1246 770 1372 815 πατρὸς
1408 771 1466 814 τῆς

137 828 342 874 ἀνῃρημένης
360 829 656 874 κατηγορήσαντος
675 828 744 863 κατ’
759 828 873 871 αὐτοῦ,
891 828 1039 871 ἔμελλον
1051 826 1201 874 Ἀργεῖοι
1220 828 1331 872 κοινὴν
1343 829 1468 874 ψῆφον

138 886 345 932 ἐκφέρεσθαι
370 887 447 932 περὶ
472 889 532 921 τοῦ
557 884 591 921 τί
615 886 664 920 δεῖ
688 885 810 920 παθεῖν
835 887 894 921 τὸν
921 885 1152 930 ἀσεβήσαντα·
1187 887 1272 920 κατὰ
1298 885 1403 931 τύχην
1431 886 1466 920 δέ

140 944 313 980 Μενέλαος
331 944 366 979 ἐκ
384 946 442 990 τῆς
460 945 591 988 πλάνης
609 944 835 989 ὑποστρέψας
854 945 970 979 νυκτὸς
986 944 1046 989 μὲν
1061 942 1202 987 Ἑλένην
1216 944 1466 986 εἷσαπέστειλε,

138 1003 212 1047 μεθ’
245 1004 371 1049 ἡμέραν
408 1004 444 1038 δὲ
479 1004 580 1038 αὐτὸς
612 1001 726 1047 ἦλθεν.
788 1004 841 1037 καὶ
878 1003 1177 1048 παρακαλούμενος
1212 1002 1266 1038 ὑπ’
1300 1003 1468 1047 Ὀρέστου

137 1062 307 1107 βοηθῆσαι
324 1064 420 1110 αὐτῷ,
441 1062 661 1108 ἀντιλέγοντα
676 1061 872 1108 Τυνδάρεων
887 1063 1022 1106 μᾶλλον
1040 1061 1227 1106 ηὐλαβήθη.
1277 1061 1470 1108 λεχθέντων

139 1123 173 1156 δέ
202 1122 316 1168 λόγων
340 1121 376 1155 ἐν
401 1123 471 1157 τοῖς
497 1121 626 1167 ὄχλοις,
647 1120 817 1166 ἐπηνέχθη
843 1121 882 1155 τὸ
906 1121 1037 1164 πλῆθος
1062 1119 1270 1155 ἀποκτείνειν
1289 1119 1468 1166 Ὀρέστην.

140 1207 147 1216 .
166 1206 173 1215 .
192 1206 200 1215 .
218 1180 507 1225 ἐπαγγειλάμενος
532 1180 631 1215 αὑτὸν
659 1179 696 1213 ἐκ
721 1182 781 1213 τοῦ
802 1179 880 1221 βίου
902 1177 1094 1224 προΐεσθαι.
1145 1180 1257 1214 συνὼν
1278 1179 1314 1214 δὲ
1337 1178 1469 1214 τούτοις

139 1240 156 1272 ὁ
185 1238 355 1280 Πυλάδης,
385 1239 489 1283 φίλος
522 1239 637 1284 αὐτοῦ,
664 1236 920 1277 συνεβούλευσε
944 1241 1079 1283 πρῶτον
1105 1238 1282 1272 Μενελάου
1309 1237 1470 1283 τιμωρίαν

139 1298 259 1337 λαβεῖν
285 1294 426 1340 Ἑλένην
455 1295 722 1333 ἀποκτείναντας.
773 1296 868 1331 αὐτοὶ
895 1296 954 1341 μὲν
981 1294 1039 1331 οὖν
1066 1295 1122 1331 ἐπὶ
1150 1295 1282 1331 τούτοις
1311 1294 1469 1330 ἐλθόντες

140 1352 400 1400 διεψεύσθησαν
424 1355 481 1398 τῆς
507 1353 646 1390 ἐλπίδος
672 1354 757 1389 θεῶν
783 1355 842 1397 τὴν
861 1353 1003 1398 Ἑλένην
1027 1355 1264 1400 ἁρπασάντων·
1295 1352 1469 1399 Ἠλέκτρα

141 1414 175 1447 δὲ
209 1410 387 1457 Ἑρμιόνην
420 1412 645 1458 ἐπιφανεῖσαν
678 1413 799 1447 ἔδωκεν
832 1413 876 1447 εἷς
908 1414 1023 1458 χεῖρας
1057 1413 1177 1448 αὐτοῖς·
1216 1411 1247 1446 οἳ
1280 1412 1315 1446 δέ
1348 1410 1470 1456 ταύτην

141 1472 298 1516 φονεύειν
325 1471 481 1515 ἔμελλον.
533 1471 708 1516 ἐπιφανεὶς
736 1471 772 1504 δέ
802 1470 974 1506 Μενέλαος
1005 1471 1058 1506 καὶ
1090 1471 1229 1513 βλέπων
1257 1471 1376 1505 ἑαυτὸν
1403 1471 1471 1514 ἅμα

140 1530 294 1575 γυναικὸς
323 1529 374 1563 καὶ
395 1530 511 1564 τέκνου
529 1528 756 1574 στερούμενον
781 1527 834 1563 ὑπ’
855 1528 972 1570 αὐτῶν,
1000 1529 1215 1572 ἐπεβάλλετο
1240 1529 1282 1563 τὰ
1307 1528 1470 1569 βασίλεια

142 1587 290 1632 πορθεῖν”
317 1586 347 1622 οἲ
365 1587 400 1622 δέ
417 1587 613 1632 φθάσαντες
631 1587 787 1633 ὑφάψειν
805 1585 1002 1630 ἠπείλησαν.
1044 1586 1219 1632 ἐπιφανεὶς
1238 1585 1273 1620 δέ
1290 1584 1471 1621 Ἀπόλλων

142 1643 282 1688 Ἑλένην
298 1646 358 1690 μέν
373 1645 504 1689 ἔφησεν
522 1645 568 1680 εἷς
587 1645 683 1681 θεοὺς
701 1645 912 1689 διακομίζειν,
927 1643 1073 1690 Ὀρέστῃ
1088 1644 1124 1679 δέ
1138 1643 1314 1690 Ἑρμιόνην
1328 1643 1471 1687 ἐπέταξε

142 1705 274 1747 λαβεῖν,
305 1703 445 1746 Πυλάδῃ
477 1703 513 1737 δέ
541 1703 733 1745 Ἠλέκτραν
762 1703 964 1747 συνοικίσαι,
991 1701 1191 1749 καθαρθέντι
1221 1703 1255 1737 δέ
1281 1703 1339 1737 τὸν
1364 1702 1472 1748 φόνον

84 1770 123 1792 20
135 1759 283 1807 ’Ἄργους
301 1761 427 1806 ἄρχειν.
482 1762 520 1796 M
532 1762 564 1796 A
577 1763 605 1795 B
615 1763 647 1796 V

185 1856 395 1897 Argumenta
428 1867 492 1890 om.
524 1858 570 1888 L:
610 1859 752 1898 primum
786 1868 862 1897 om,
895 1857 1039 1889 alterurn
1075 1857 1228 1888 mutilum
1260 1856 1399 1887 exhibet
1433 1855 1468 1886 P.

144 1901 305 1932 Minutias
328 1901 464 1940 neglexi
613 1911 626 1931 1
652 1902 945 1943 μεταπορευόμενος
970 1903 1021 1933 καὶ
1043 1903 1176 1933 ἐκδικῶν
1202 1900 1248 1931 F:
1281 1905 1313 1930 et
1338 1902 1472 1932 ἐκδικῶν

142 1955 243 1983 supra
260 1944 292 1974 in
310 1945 462 1982 margine
480 1945 581 1975 habet
601 1944 626 1975 B
735 1954 754 1984 5
777 1945 810 1977 τί
826 1947 877 1977 δεῖ
892 1955 955 1976 om.
977 1945 1074 1976 codd.
1094 1956 1101 1975 ι
1125 1944 1201 1975 add.
1220 1954 1304 1974 rece.
1396 1943 1470 1975 τοὺς

144 1988 370 2026 ἀσεβήσαντας
386 1987 418 2018 Μ
513 1999 528 2027 7
546 1999 594 2028 sq.
613 1990 708 2022 αὐτὸς
725 1988 759 2020 δὲ
776 1990 845 2028 μεθ’
858 1988 978 2030 ἡμέραν
995 1989 1125 2025 εἰσῆλθε
1140 1987 1167 2018 Β
1262 1997 1300 2017 10
1317 1985 1469 2017 lacunam

144 2030 301 2062 indicavit
319 2030 448 2062 Porson
463 2044 468 2063 :
494 2033 631 2071 supplet
653 2042 707 2063 ex.
725 2042 776 2071 gr.
794 2033 829 2065 ὃς
845 2033 906 2070 τὴν
922 2031 1099 2069 καταδίκην
1114 2030 1324 2072 παρῃτήσατο
1343 2029 1448 2066 Paley
1464 2040 1471 2059 :

145 2074 424 2114 ἐπαγγειλάμενον
441 2076 556 2107 ἑαυτὸν
574 2075 601 2106 Β
625 2076 670 2114 [et
693 2075 731 2115 F)
855 2076 893 2105 16
918 2074 1124 2112 ἐπεβάλλετο
1140 2073 1172 2105 Μ
1188 2085 1194 2104 :
1220 2072 1402 2110 ἐπεβάλετο
1421 2071 1447 2102 Β
1465 2083 1471 2102 :

144 2116 327 2154 ὑπεβάλετο
344 2117 394 2148 A:
422 2118 564 2155 ἐπέβαλε
581 2118 611 2148 V
769 2119 807 2148 18
836 2117 974 2158 ὀρέστην
995 2118 1026 2148 M
1038 2118 1069 2147 V
1218 2125 1257 2157 19
1281 2115 1426 2155 πυλάδην
1442 2114 1472 2146 V

144 2161 287 2201 ἠλέκτρα
303 2160 378 2191 MV
468 2164 656 2197 συνοικῆσαι
674 2161 769 2194 codd.
789 2173 796 2192 :
821 2171 905 2193 corr.
927 2161 1064 2193 Brunck
