1658 2740
656 108 1005 146 ΕΥΡΙΠΙΔΟΥ

467 210 674 264 ἀγχιάλων
699 211 850 253 ὑδάτων
874 213 1024 265 τροφὸν

532 280 601 321 τᾶς
627 282 786 321 κλεινᾶς
809 278 1064 331 Ἀρεθούσας,
1430 295 1490 325 170

402 343 576 397 Ἀχαιῶν
602 347 794 397 στρατιὰν
820 345 870 386 ὡς
895 342 1101 397 ἐσιδοίμαν

402 411 576 464 Ἀχαιῶν
600 429 642 452 τε
669 411 824 454 πλάτας
849 413 1110 465 ναυσιπόρους
1135 414 1177 464 ἡ-

465 477 625 528 μιθέων,
655 479 721 520 οὒς
748 479 812 519 ἐπὶ
836 479 984 531 Τροίαν

467 544 625 586 ἐλάταις
650 545 903 598 χιλιόναυσιν

465 609 534 650 τὸν
559 610 703 661 ξανθὸν
730 611 939 652 λ’[ενέλαόν
965 612 1000 651 θ’
1428 628 1489 659 175

533 676 715 729 ἁμέτεροι
742 678 882 719 πόσεις

400 742 582 784 εἰέ’πουσ’
608 743 888 796 Ἀγαμέμνονά
913 744 946 784 τ’
972 746 1209 797 εὐπατρίδαι·

538 810 724 851 στέλλειν
752 811 817 851 ἐπὶ
842 813 913 851 τὰν
937 810 1121 858 Ἑλέναν,
1152 813 1219 854 ἀπ’

468 877 629 929 Εὐρώτα
654 879 950 930 δονακοτρόφου

468 943 594 996 Πάρις
620 945 640 983 ὁ
666 944 866 996 βουκόλος
891 945 938 985 ἂν
962 945 1089 995 ἔλαβε
1431 951 1490 982 180

534 1013 658 1063 δῶρον
684 1014 754 1053 τᾶς
778 1010 1031 1063 Ἀφροδίτας,

464 1077 520 1117 ὅτ’
546 1077 610 1118 ἐπὶ
636 1079 860 1129 κρηναίαισι
886 1078 1045 1130 δρόσοις

457 1143 569 1198 ‘'Hpq.
594 1144 782 1184 Παλλάδι
807 1144 840 1184 τ’
867 1143 949 1196 ἔριν
975 1144 1056 1197 ἔριν

532 1214 691 1263 μορφᾶς
717 1213 740 1250 ἆ
767 1210 916 1263 Κύπρις
941 1210 1075 1264 ἔσχεν.

296 1332 361 1337 -
465 1310 685 1351 πολύθυτον
712 1311 754 1350 δὲ
780 1309 828 1350 δι’
854 1309 981 1352 ἄλσος
1006 1310 1095 1363 Ἀρ-
1387 1308 1487 1364 [ἀντ.

464 1376 620 1429 τέμιδος
644 1376 794 1428 ἤλυθον
820 1376 1002 1429 ὀρομένα,
1431 1381 1490 1413 186

463 1444 737 1496 φοινίσσουσα
764 1442 901 1500 παρῇδ’
926 1444 1025 1495 ἐμὰν

532 1510 704 1564 αἰσχύνᾳ
731 1512 926 1555 νεοθαλεῖ,

465 1577 633 1618 ἀσπίδος
660 1576 783 1628 ἔρυμα
809 1576 871 1616 καὶ
898 1576 1055 1618 κλισίας

462 1644 713 1696 ὁπλοφόρους
741 1646 912 1683 Δαναῶν
939 1642 1098 1684 θέλουσ’
1430 1654 1490 1687 190

464 1711 596 1750 ἵππων
620 1709 652 1750 τ’
678 1711 805 1764 ὄχλον
833 1708 999 1750 ἰδέσθαι.

398 1780 577 1818 κατεῖδον
601 1778 644 1818 δὲ
671 1776 726 1817 δύ’
753 1777 899 1817 Αἴαντε
925 1776 1113 1828 συνέδρω,

391 1843 460 1884 τὸν
485 1843 642 1886 Οἰλέως
669 1843 911 1894 Τελαμῶνός
935 1860 977 1885 τε
1002 1844 1136 1896 γόνον,
1164 1843 1232 1884 τὸν

397 1913 622 1961 Σαλαμῖνος
648 1909 865 1963 στέφανον·
905 1913 1020 1963 Πρω-

209 2011 265 2042 171
292 2001 447 2043 Ἀχαιῶν]
466 2004 631 2043 Ἀτρειδᾶν
649 2001 793 2041 Camper
812 2013 819 2032 :
844 2002 884 2033 cs.
909 2012 969 2041 172
1091 2003 1130 2035 ὥς
1149 2002 1312 2042 ἐσιδοίμαν
1329 2000 1491 2041 Elmsley,

162 2045 202 2077 cf.
231 2046 280 2076 El.
313 2056 416 2084 1242:
443 2047 483 2078 ὣς
506 2045 599 2085 ἴδοιμ’
625 2046 663 2077 ἂν
689 2045 754 2075 LP
957 2055 1016 2084 172
1040 2044 1198 2086 Ἀχαιῶν]
1224 2046 1350 2087 ἀγαυῶν
1375 2044 1492 2075 Nauck

162 2089 274 2127 ἠιθέων
291 2089 467 2120 Markland
603 2098 663 2128 173
689 2089 740 2121 οὓς
760 2088 935 2128 Scaliger:
960 2091 1000 2121 ὡς
1019 2089 1044 2119 L
1060 2087 1086 2118 P
1222 2098 1281 2127 174
1307 2087 1491 2130 χιλιόναυσι

164 2133 189 2163 L
202 2133 249 2163 P:
276 2142 358 2164 corr.
382 2132 421 2162 Ρ2
514 2142 574 2171 175
596 2131 764 2164 Μενέλαόν
782 2131 807 2164 θ’
828 2132 998 2163 Fritzsche
1014 2145 1019 2163 :
1036 2132 1194 2172 μενέλαον
1208 2131 1234 2162 L
1248 2131 1274 2162 P
1365 2141 1425 2171 177
1445 2133 1491 2163 ἐν·

163 2176 291 2208 νέπουσ’
310 2176 465 2215 primitus
483 2175 509 2205 L
525 2175 551 2206 P
687 2176 746 2214 184
774 2176 874 2216 ἔσχεν
892 2175 950 2207 1³2:
976 2176 1057 2216 ἔσχε
1075 2175 1101 2205 L
1115 2175 1141 2205 P
1274 2176 1336 2206 186
1359 2173 1492 2217 ὀρομένα

164 2219 307 2251 canter:
334 2219 494 2261 ὃρωμέναν
512 2219 538 2249 L
551 2218 578 2249 P
685 2220 743 2258 187
769 2219 894 2260 παρηΐδ’
912 2218 977 2249 LP
1091 2229 1152 2258 190
1177 2218 1319 2250 ἐθέλουσ’
1337 2219 1492 2257 primitus

165 2262 230 2293 LP
377 2273 434 2303 191
460 2264 489 2295 τ’
516 2267 589 2302 post
619 2262 722 2303 ὄχλον
751 2261 818 2292 LP
847 2263 931 2301 (tum
960 2272 1094 2293 erasum
1120 2262 1153 2292 in
1184 2261 1248 2302 L):
1275 2261 1347 2292 trai.
1376 2261 1491 2292 Heath

167 2316 226 2345 192
251 2305 298 2338 δύ’
317 2307 343 2337 L
355 2312 398 2347 p:
425 2307 464 2339 δι’
486 2306 512 2336 P
698 2316 758 2345 193
782 2319 818 2337 τε
835 2306 932 2346 ’γόνον
948 2305 992 2335 'L2
1007 2305 1066 2336 P2:
1094 2306 1227 2346 ἔκγονον
1248 2305 1274 2335 L
1286 2304 1312 2336 P
1435 2305 1492 2335 τὸν

166 2349 345 2389 Hartung:
371 2352 438 2382 τοῖς
457 2349 482 2379 L
496 2349 522 2379 P
659 2359 718 2388 194
743 2352 920 2389 Σαλαμῖνος
940 2348 980 2378 Ρ2
997 2348 1049 2379 vel
1061 2354 1086 2388 p
1104 2360 1110 2379 :
1136 2348 1334 2388 σαλαμινίοις
1353 2347 1378 2377 L
1391 2346 1417 2376 Ρ
