1658 2740
412 116 737 154 ΙψΙΓΕΝΕΙΑ
787 117 822 153 H
877 116 953 153 EN
1003 115 1218 152 ΑΎΑΙΔΙ

251 219 402 269 ὑπῆλθε
428 220 588 270 δαίμων,
617 220 720 260 ὥστε
745 224 822 259 τῶν
852 219 1119 272 σοφισμάτων

253 289 389 339 πολλῷ
414 285 601 338 γενέσθαι
626 290 705 327 τῶν
731 288 835 337 ἐμῶν
862 286 1103 338 σοφώτερος.

251 351 274 402 ἡ
300 351 510 404 δυσγένεια
535 352 566 392 δ’
593 352 644 394 ὡς
670 352 754 406 ἔχει
779 369 816 392 τι
842 351 1052 405 χρήσιμον.

254 419 315 458 καὶ
340 420 416 470 γὰρ
441 421 631 471 δακρῦσαι
655 420 799 473 ῥᾳδίως
825 419 955 460 αὐτοῖς
981 418 1078 472 ἔχει,

252 484 406 525 ἅπαντά
431 485 463 524 τ’
490 486 626 526 εἰπεῖν.
698 489 750 539 τῷ
777 487 818 526 δὲ
844 487 1010 540 γενναίῳ
1037 485 1162 537 φύσιν

251 551 409 602 ἄνολβα
433 555 565 591 ταῦτα.
638 551 867 604 προστάτην
893 554 933 592 δὲ
958 555 1025 591 τοῦ
1049 553 1142 603 βίου

251 616 319 657 τὸν
343 619 460 670 ὄγκον
486 618 630 671 ἔχομεν
657 623 710 673 τῷ
736 618 770 658 τ’
795 620 905 672 ὄχλῳ
931 618 1180 669 δουλεύομεν.

252 685 329 735 ἐγὼ
355 685 428 736 γὰρ
455 686 644 735 ἐκβαλεῖν
671 687 742 736 μὲν
768 687 948 735 αἰδοῦμαι
972 684 1102 737 δάκρυ,

249 749 293 789 τὸ
317 750 368 801 μὴ
396 753 587 803 δακρῦσαι
612 751 644 791 δ’
672 752 780 794 αὖθις
806 753 984 802 αἰδοῦμαι
1007 751 1142 797 τάλας,

252 818 291 858 ἐς
315 817 384 859 τὰς
409 819 600 870 μεγίστας
629 819 839 871 συμφορὰς
865 817 1097 871 ἀφιγμένος.

320 882 412 924 εἶὲν·
449 886 491 924 τί
514 883 632 937 φήσω
661 884 756 936 πρὸς
782 884 958 937 δάμαρτα
982 884 1054 935 τὴν
1080 883 1196 935 ἐμήν,·

254 953 334 992 πῶς
362 950 526 1002 δέξομαί
547 968 626 997 νιν;
661 955 774 991 ποῖον
801 953 905 1003 ὄμμα
930 955 1146 1002 συμβαλῶ;

255 1017 318 1057 καὶ
344 1016 418 1069 γάρ
443 1017 482 1068 μ’
509 1018 688 1058 ἀπώλεσ’
714 1019 778 1058 ἐπὶ
804 1022 935 1059 κακοῖς
961 1017 984 1057 ἄ
1007 1034 1073 1069 μοι
1099 1017 1220 1070 πάρος

255 1083 413 1123 ἐλθοῦσ’
438 1083 619 1133 ἄκλητος.
693 1085 852 1126 εἰκότως
877 1083 910 1123 δ’
936 1083 1001 1135 ἅμ’
1028 1083 1173 1124 ἕσπετο

253 1150 416 1202 θυγατρὶ
442 1150 730 1202 νυμφεύσουσα
756 1151 818 1191 καὶ
841 1152 889 1189 τὰ
915 1151 1090 1202 φίλτατα

253 1216 438 1262 δώσουσ’,
470 1216 518 1256 ἵν’
543 1217 643 1268 ἡμᾶς
670 1218 786 1258 ὄντας
813 1216 971 1269 εὑρήσει
997 1217 1146 1259 κακούς.

250 1282 321 1332 τὴν
347 1282 378 1322 δ’
407 1283 454 1323 αὖ
481 1283 673 1324 τάλαιναν
699 1283 993 1335 παρθένον-τί
1015 1283 1230 1335 παρθένους

244 1347 384 1399 “Αιδης
409 1366 482 1395 νιν,
515 1350 566 1392 ὡς
593 1349 708 1396 ἔοικε,
736 1351 957 1403 νυμφεύσει
981 1350 1143 1404 τάχα-

252 1415 302 1458 ὡς
326 1415 468 1471 ᾤκτισ’·
510 1416 616 1468 οἶμαι
642 1416 717 1470 γάρ
743 1433 802 1458 νιν
830 1417 1043 1458 ἱκετεύσειν
1067 1417 1171 1458 τάδε·

248 1481 306 1522 ἳΩ
331 1482 467 1536 πάτερ,
496 1483 723 1526 ἀποκτενεῖς
747 1500 815 1535 με,·
853 1484 1051 1526 τοιούτους
1075 1484 1223 1536 γάμους

255 1549 418 1601 γήμειας
445 1549 560 1592 αὐτὸς
585 1550 736 1603 χῶστις
762 1551 853 1590 ἐστι’
875 1567 942 1591 σοι
966 1552 1098 1603 φίλος.

319 1618 452 1669 παρὼν
477 1617 510 1657 δ’
540 1616 734 1669 Ὀρέστης
760 1617 877 1669 ἐγγὺς
901 1616 1173 1668 ἀναβοήσεται

247 1683 292 1724 οὐ
319 1685 464 1724 συνετὰ
493 1687 678 1725 συνετῶς·
717 1684 774 1724 ἔτι
798 1681 873 1735 γάρ
899 1685 985 1723 ἐστι
1009 1683 1158 1733 νήπιος.

247 1751 340 1796 αἰαῖ,
371 1749 439 1791 τὸν
464 1749 634 1800 Ἑλένης
660 1750 710 1791 ὥς
735 1749 773 1801 μ’
800 1750 1008 1790 ἀπώλεσεν
1034 1749 1161 1801 γάμον

245 1816 372 1868 γήμας
404 1817 424 1856 ὁ
454 1816 634 1869 Πριάμου
660 1815 798 1868 Πάρις,
827 1815 869 1858 ὃς
895 1818 1102 1869 εἴργασται
1128 1816 1231 1856 τάδε.

145 1884 216 1923 Χο.
251 1882 356 1935 κάγὼ
382 1882 591 1938 κατῴκτιρ’,
620 1883 670 1924 ὡς
701 1886 865 1934 γυναῖκα
890 1885 950 1922 δεῖ
973 1882 1088 1933 ξένην

243 1950 340 2002 ὑπὲρ
369 1949 570 2003 τυράννων
597 1952 804 2002 συμφορᾶς
831 1948 1098 1990 καταστένειν.

145 2018 221 2056 Με.
249 2016 412 2069 ἀδελφέ,
444 2018 509 2059 δός
533 2034 599 2068 μοι
628 2014 757 2066 δεξιᾶς
781 2019 850 2066 τῆς
876 2018 949 2066 σῆς
975 2018 1112 2068 θιγεῖν.

186 2111 261 2149 448,
274 2120 336 2149 449
360 2109 484 2142 ἅπαντά
509 2133 516 2140 .
545 2134 552 2141 .
578 2133 585 2139 .
614 2110 740 2146 ἄνολβα
759 2109 965 2147 Musgrave:
999 2108 1125 2146 ἅνολβά
1149 2132 1156 2138 .
1185 2132 1193 2138 .
1221 2131 1227 2138 .

1409 300 1471 330 445

1405 632 1470 663 450

1408 965 1468 995 455

1408 1621 1471 1660 465

1405 1961 1468 1991 470

1255 2107 1380 2139 ἅπαντα
1404 2107 1429 2136 L
1442 2107 1467 2137 Ρ

142 2163 205 2192 449
228 2153 263 2185 δὲ
282 2153 366 2183 Plut.
389 2153 464 2184 Nic.
486 2163 504 2192 5
521 2165 526 2182 z
551 2166 590 2193 γε
610 2153 635 2182 L
649 2152 674 2182 P
691 2164 697 2182 ε
721 2153 783 2193 ’γὰρ
800 2162 968 2191 suprascr.
984 2157 1009 2192 p
1135 2161 1199 2190 450
1224 2152 1322 2192 ὄγκον
1339 2151 1466 2180 Plutar-

142 2197 247 2226 chus:
273 2199 373 2235 δῆμον
392 2196 417 2226 L
431 2196 457 2227 P
544 2195 592 2236 τ’]
612 2197 637 2227 δ’
657 2195 856 2226 Plutarchus
957 2205 1021 2234 452
1046 2195 1134 2227 αὖτις
1154 2196 1179 2225 L
1192 2195 1217 2224 P

1316 2195 1466 2233 454-468

141 2240 290 2278 suspecti
307 2239 348 2270 iis
364 2240 421 2278 qui
438 2249 584 2278 413—441
605 2238 720 2269 delent
874 2248 936 2277 455
963 2241 1121 2278 συμβαλῶ
1138 2238 1180 2269 Ρ“2
1196 2250 1202 2268 :
1228 2238 1383 2278 συμβάλω
1402 2238 1428 2267 L
1441 2237 1467 2267 P

141 2284 204 2321 456
227 2282 339 2324 πάρος]
357 2283 439 2324 πάρα
458 2283 614 2313 Musurus
630 2294 636 2313 :
661 2285 786 2315 κακοῖσι
803 2285 871 2314 τοῖς
888 2282 984 2324 πάρος
1003 2282 1063 2312 Fix
1153 2283 1216 2321 458
1241 2281 1467 2322 νυμφεύσουσα

142 2326 317 2356 Markland
334 2338 340 2356 ε
365 2325 569 2367 νυμφεύουσα
587 2326 612 2356 L
625 2326 652 2356 P
792 2327 855 2364 462
880 2324 1057 2357 ἱκετεύσειν
1075 2325 1252 2356 Markland
1272 2337 1279 2356 τ
1303 2327 1465 2357 ἱκετεῦσαι

142 2370 166 2400 L
183 2370 208 2402 P
277 2371 340 2408 466
365 2372 400 2401 οὐ
414 2371 526 2411 ξυνετὰ
538 2372 671 2411 ξυνετῶς
687 2369 712 2400 L
725 2369 750 2400 P
769 2381 775 2400 ι
801 2380 884 2400 corr.
904 2368 944 2399 Ι,2
1013 2370 1076 2408 468
1100 2370 1134 2402 ‘bs
1151 2369 1263 2400 Heath
1280 2381 1285 2399 :
1306 2370 1338 2402 ὅς
1355 2368 1386 2409 μ’
1401 2369 1424 2398 L
1438 2369 1464 2398 Ρ
