1658 2740
626 123 973 160 ΕΥΡΙΠΙΔΟΥ

235 227 255 265 ὁ
279 226 613 278 μητροφόντης
638 225 671 265 δ’
699 225 742 266 οὐ
768 232 868 283 καλῇ
891 226 1034 277 ταύτην
1061 228 1223 275 κτανών,
1375 243 1458 273 1140

231 292 324 333 ἀλλ’
351 293 560 334 ἀπολιπὼν
585 292 687 333 τοῦτ’
713 293 777 333 ἐπὶ
801 292 846 333 τὸ
870 292 1037 344 βέλτιον
1062 300 1180 352 πεσῇ,

231 358 400 410 Ἑλένης
424 360 643 412 λεγόμενος
667 362 736 411 τῆς
761 360 1007 401 πολυκτόνου
1033 361 1192 413 φονεύς.

229 425 274 466 οὗ
299 429 361 467 δεῖ
382 425 483 473 ποτ’,
510 426 554 466 οὐ
579 429 648 473 δεῖ,
676 425 892 468 Μενέλεων
915 429 988 478 μὲν
1014 426 1202 481 εὐτυχεῖν,

229 493 298 533 τὸν
325 492 399 533 σὸν
424 495 466 535 δὲ
492 492 641 546 πατέρα
667 494 730 534 καὶ
756 495 804 534 σὲ
831 493 1034 545 κάδελφὴν
1059 496 1207 545 θανεῖν,

229 559 376 612 μητέρα
401 577 444 602 τε
464 591 472 601 .
497 591 506 600 .
529 591 538 600 .
561 561 610 601 ἐῶ
636 559 754 600 τοῦτ’·
792 559 836 600 οὐ
860 561 935 613 γὰρ
962 559 1152 612 εὐπρεπὲς
1175 559 1372 614 λέγειν-

230 627 371 677 δόμους
397 627 428 666 δ’
456 627 564 680 ἔχειν
592 626 687 668 σοὺς
713 625 760 667 δι’
786 626 1082 679 Ἀγαμέμνονος
1109 628 1201 679 δόρυ
1379 632 1460 673 1146

229 694 411 744 λαβόντα
437 694 609 744 νύμφην·
650 693 704 744 μὴ
729 695 805 745 γὰρ
833 693 901 734 οὖν
931 691 1027 748 ζῴην
1052 694 1123 740 ἔτι,

228 757 276 809 ἢν
301 759 353 810 μὴ
379 758 431 800 ’π’
457 760 585 815 ἐκείνῃ
613 759 826 811 φάσγανον
853 759 1113 810 σπασώμεθα.

229 823 275 875 ἦν
301 826 334 866 δ’
362 827 430 866 οὖν
456 826 524 866 τὸν
549 825 721 876 Ἑλένης
745 825 798 877 μὴ
825 825 1091 879 κατάσχωμεν
1118 827 1257 880 φόνον,

229 892 451 944 πρήσαντες
477 894 605 935 οἴκους
632 893 773 934 τούσδε
802 893 1109 943 κατθανούμεθα.
1375 907 1458 938 1150

229 960 315 1002 ἑνὸς
340 962 415 1012 γὰρ
442 960 485 1000 οὐ
513 959 742 1012 σφαλέντες
768 959 909 1010 ἕξομεν
936 959 1061 1005 κλέος,

230 1031 358 1070 καλῶς
385 1027 570 1069 θανόντες
595 1023 618 1077 ἢ
649 1030 779 1068 καλῶς
805 1025 1073 1081 σεσῳσμένοι.

127 1097 199 1134 Xo.
226 1094 373 1136 πάσαις
398 1092 577 1146 γυναιξὶν
605 1093 695 1145 ἀξία
723 1097 883 1145 στυγεῖν
907 1093 984 1146 ἔφυ

227 1161 250 1212 ἡ
275 1160 468 1213 Τυνδαρὶς
493 1163 598 1206 παῖς,
626 1159 650 1210 ἢ
677 1161 924 1216 κατῄσχυνεν
949 1159 1076 1211 γένος.

128 1230 199 1279 Ορ.
228 1231 315 1279 φεῦ·

228 1294 294 1335 οὐκ
323 1294 432 1334 ἔστιν
458 1293 570 1334 οὐδὲν
596 1297 786 1344 κρεῖσσον
812 1289 836 1343 ἢ
863 1293 984 1345 φίλος
1010 1291 1157 1345 σαφής,
1375 1304 1459 1336 1155

229 1360 272 1400 οὐ
297 1363 479 1406 πλοῦτος,
508 1359 552 1399 οὐ
577 1360 768 1412 τυραννίς·
810 1360 1030 1411 ἀλόγιστον
1056 1358 1099 1398 δέ
1122 1375 1158 1399 τι

228 1427 271 1466 τὸ
297 1428 448 1477 πλῆθος
474 1425 737 1478 ἀντάλλαγμα
763 1426 947 1477 γενναίου
973 1426 1107 1477 φίλου.

229 1494 278 1534 σὺ
303 1495 378 1546 γὰρ
402 1492 450 1533 τά
474 1492 507 1532 τ’
535 1494 589 1535 εἰς
616 1493 812 1544 Αἴγισθον
841 1491 1001 1543 ἐξηῦρες
1029 1492 1125 1532 κακὰ

228 1561 290 1601 καὶ
314 1561 490 1610 πλησίον
516 1561 703 1611 παρῆσθα
731 1558 918 1599 κινδύνων
945 1559 1044 1609 ἐμοί,

227 1631 295 1668 νῦν
320 1626 352 1666 τ’
379 1627 425 1667 αὖ
451 1627 566 1668 δίδως
588 1643 655 1677 μοι
682 1625 884 1675 πολεμίων
909 1625 1098 1678 τιμωρίαν
1378 1628 1461 1660 1160

228 1693 318 1734 κούκ
346 1694 522 1734 ἐκποδὼν
549 1691 586 1733 εἶ
610 1724 618 1733 .
647 1723 655 1733 .
683 1723 691 1732 .
719 1691 928 1742 παύσομαί
950 1691 988 1731 σ’
1015 1693 1148 1738 αἰνῶν,
1175 1691 1260 1732 ἐπεὶ

227 1760 353 1812 βάρος
377 1776 415 1800 τι
440 1760 512 1800 κάν
536 1758 625 1814 τῷδ’
654 1759 779 1805 ἐστίν,
811 1759 1008 1800 αἰνεῖσθαι
1034 1759 1138 1799 λίαν.

226 1828 305 1879 ἐγὼ
330 1829 372 1868 δὲ
397 1825 553 1868 πάντως
580 1825 755 1867 ἐκπνέων
783 1824 923 1879 ψυχὴν
947 1824 1045 1876 ἐμὴν

227 1893 376 1947 δράσας
402 1910 440 1934 τι
463 1891 594 1949 χρῄζω
621 1892 711 1934 τοὺς
741 1892 856 1944 ἐμοὺς
882 1891 1049 1945 ἐχθροὺς
1075 1893 1220 1936 θανεῖν,

173 1996 256 2026 1140
279 1988 295 2018 ὁ
312 1997 374 2017 om.
392 1986 436 2017 L:
455 1985 560 2018 add.l
651 1994 732 2024 1142
752 1984 926 2026 γενόμενος
939 1983 969 2013 V
1071 1992 1151 2022 1143
1170 1981 1260 2022 ποτ’]
1278 1982 1342 2024 ’γὰρ
1356 1979 1462 2021 Paley

130 2040 213 2069 1144
232 2031 288 2061 τὸν
304 2040 367 2061 om.
385 2029 429 2060 L:
449 2029 525 2061 add.
544 2029 556 2059 l
649 2038 730 2067 1145
751 2030 849 2060 τοῦτο
866 2027 892 2057 L
985 2027 1068 2065 1146
1090 2026 1136 2068 δ’]
1150 2025 1222 2058 *r’V
1314 2025 1396 2064 1148
1417 2027 1462 2056 ’πι

127 2074 215 2115 κείνῃ
232 2073 301 2104 VL
320 2073 434 2115 Cuius]
453 2073 498 2113 V)
614 2073 810 2110 σπασώμεθα
829 2070 1028 2101 Kirchhoff:
1060 2069 1249 2109 σπασάμεθα
1263 2068 1315 2099 V:
1347 2068 1462 2100 σπάσω

127 2117 231 2157 μέλαν
248 2116 319 2148 rell.
439 2126 523 2155 1149
549 2117 577 2147 εἶ
593 2117 619 2147 δ’
637 2115 690 2147 οὖν
708 2115 755 2145 P:
780 2115 820 2153 ἢν
839 2113 866 2146 δ’
885 2113 922 2146 αὖ
939 2114 965 2144 F
1079 2122 1161 2151 1154
1184 2110 1296 2153 γένος]
1313 2110 1415 2152 λέχος
1432 2110 1464 2140 V

131 2170 213 2200 1155
239 2159 361 2201 σαφής]
388 2160 459 2192 ἀντὶ
486 2159 609 2197 ἀληθής
635 2158 686 2188 B:
714 2171 766 2200 γρ.
791 2158 842 2189 καὶ
868 2156 989 2195 ἀληθής
1015 2155 1071 2186 M:
1101 2156 1222 2194 ἀληθής
1246 2155 1279 2185 in
1305 2159 1401 2185 textu
1427 2153 1461 2185 H

132 2204 213 2242 1158
248 2206 367 2245 ἐξεῦρες
394 2203 490 2234 codd.
653 2211 735 2241 1159
766 2201 907 2242 παρίστα
931 2199 960 2229 V
1075 2199 1227 2231 κινδύνων
1252 2197 1337 2238 ἐμοί]
1363 2198 1463 2230 κακὸν

130 2247 204 2285 ἐμόν
231 2247 263 2277 Η
425 2247 508 2276 1160
538 2245 586 2287 τ’]
611 2244 638 2277 δ’
664 2245 691 2275 P
848 2245 926 2274 1161
961 2244 1107 2283 ἐμποδὼν
1132 2242 1172 2281 Ρ,
1195 2241 1257 2273 sed
1280 2255 1303 2281 μ
1327 2240 1462 2280 punctis

130 2290 215 2320 infra
245 2290 364 2329 positis
393 2289 518 2320 delevit
618 2287 665 2329 o']
693 2290 720 2320 δ’
747 2287 877 2318 Porson
905 2290 953 2325 (et
977 2287 1072 2318 αἰνῶν
1096 2286 1141 2327 α’)
1289 2285 1373 2314 1162
1403 2284 1462 2315 κᾶν

129 2332 204 2406 ‘apg‘
225 2333 327 2404 godd.
355 2337 389 2363 et
413 2337 459 2366 Στ
493 2333 545 2364 καὶ
569 2331 637 2363 τόδ’
663 2331 756 2362 Stob.
783 2331 813 2362 ss.
843 2340 891 2369 14.
916 2331 938 2359 6
1089 2329 1172 2366 1164
1204 2328 1295 2368 ἐμοὺς
1320 2336 1385 2358 om.
1410 2325 1461 2356 B:

131 2376 172 2406 ad
201 2399 205 2404 .

1645 1564 1658 1599 ,η
1640 1339 1658 1538 Amat-..
