1658 2740
642 120 992 158 ΕΎῬΙΠΙΔΟὙ

252 225 387 266 κούδὲν
414 228 509 277 πρὸς
534 224 660 265 αὐτῶν
685 223 772 264 οἶδα
797 227 1025 275 πλημμελὲς
1051 224 1192 264 κλύων·

249 293 291 331 ἐν
318 292 382 331 σοὶ
408 291 439 331 δ’
465 291 513 331 ἂν
538 291 799 344 ἀρχοίμεσθα.
870 290 922 342 μή
946 290 985 342 μ’
1011 291 1107 343 ἔρως
1132 291 1216 330 ἕλοι

249 361 423 399 τοιοῦτος
448 359 579 398 ἵππων
605 357 699 397 ὥστ’
726 357 972 398 ἀποκτείνειν
998 359 1153 410 φίλους.
1409 361 1472 393 860

250 424 312 463 καὶ
337 423 440 463 ταῦτ’
465 423 700 465 Ὀδυσσεύς·
738 425 797 466 τίς
821 426 895 476 γὰρ
921 423 1043 465 ἄλλος
1069 423 1116 464 ἄν
1139 440 1235 463 ποτε

250 491 416 541 ἔδρασεν
441 487 463 540 ἢ
490 490 728 540 ’βούλευσεν
753 489 943 542 Ἀργείων
968 489 1084 542 ἆνήρ;

252 556 404 596 δέδοικα
428 556 460 596 δ’
486 556 603 596 αὐτὸν
630 557 698 596 καί
718 557 759 596 τί
779 573 852 606 μου
878 557 1046 608 θράσσει
1072 556 1231 609 φρένας,

250 622 301 673 μὴ
329 624 391 662 καὶ
417 618 588 663 Δόλωνα
614 623 820 676 συντυχὼν
847 622 1078 679 κατακτάνῃ·

248 689 393 741 χρόνον
418 691 493 740 γὰρ
517 688 589 739 ἤδη
618 692 788 741 φροῦδος
814 688 867 729 ὢν
892 689 936 729 οὐ
961 691 1157 741 φαίνεται.
1412 692 1472 731 865

151 757 226 795 Ην.
248 754 315 794 οὐκ
340 755 427 795 οἶδα
450 755 540 796 τοὺς
567 754 661 796 σοὺς
688 755 753 796 οὓς
777 754 910 807 λέγεις
933 754 1171 796 Ὀδυσσέας·

247 821 358 871 ἡμεῖς
387 821 420 861 δ’
445 821 508 861 ὑπ’
534 823 688 874 ἐχθρῶν
715 821 870 863 οὐδενὸς
895 820 1166 874 πεπλήγμεθα.

149 890 218 927 Εκ.
251 888 301 928 σὺ
325 887 358 928 δ’
378 888 445 928 οὗν
470 888 602 939 νόμιζε
627 887 744 934 ταῦτ’,
773 888 934 940 ἐπείπερ
960 905 1025 928 σοι
1050 891 1166 928 δοκεῖ.

151 957 225 994 Ην.
247 952 276 993 ὦ
302 958 395 1006 γαΐα
420 956 570 1005 πατρίς,
599 958 680 996 πῶς
705 954 753 994 ἂν
780 954 984 1005 ἐνθάνοιμί
1005 971 1090 1001 σοι;

149 1023 218 1060 Εκ.
249 1020 301 1071 μὴ
327 1021 484 1078 θνῇσχ’·
522 1021 611 1063 ἅλις
637 1023 711 1073 γὰρ
737 1024 812 1062 τῶν
837 1022 1080 1071 τεθνηκότων
1104 1022 1240 1074 ὄχλος.
1413 1026 1476 1063 870

149 1089 224 1127 Ην.
246 1091 317 1127 ποῖ
339 1087 384 1137 δὴ
409 1086 615 1139 τράπωμαι
641 1090 846 1128 δεσποτῶν
869 1088 1126 1138 μονούμενος;

150 1156 217 1194 Ex.
249 1153 354 1197 οἶκός
379 1171 428 1195 σε
453 1154 600 1195 κεύθων
626 1154 742 1205 οὑμὸς
769 1153 981 1205 ἐξιάσεται.

149 1223 223 1260 Ην.
246 1220 308 1260 καὶ
333 1225 413 1263 πῶς
436 1238 485 1272 με
512 1221 771 1271 κηδεύσουσιν
797 1220 992 1261 αὐθεντῶν
1017 1220 1150 1274 χέρες,·

149 1289 218 1327 Ex.
251 1286 308 1327 ὅδ’
334 1287 380 1327 αὖ
404 1287 473 1328 τὸν
498 1287 615 1328 αὐτὸν
638 1289 762 1338 μῦθον
788 1286 833 1326 οὐ
856 1285 969 1337 λήξει
991 1286 1134 1339 λέγων.

150 1356 224 1394 Ην.
245 1353 368 1394 ὄλοιθ’
394 1355 414 1394 ὁ
439 1353 600 1406 δράσας.
671 1354 716 1394 οὐ
740 1355 815 1406 γὰρ
840 1354 879 1395 ἐς
906 1355 952 1393 σὲ
976 1354 1143 1393 τείνεται
1414 1357 1475 1394 875

245 1421 416 1472 γλῶσσ’,
444 1421 494 1463 ὣς
520 1422 569 1461 σὺ
595 1425 770 1472 κομπεῖς·
811 1420 833 1470 ἡ
862 1421 962 1469 Δίκη
987 1419 1020 1459 δ’
1047 1421 1267 1459 ἐπίσταται.

149 1489 216 1526 Εκ.
246 1486 425 1536 λάζυσθ’·
462 1488 625 1540 ἄγοντες
651 1484 720 1538 <δ’>
749 1486 868 1527 αὐτὸν
895 1487 934 1528 ἐς
959 1486 1097 1536 δόμους
1122 1486 1250 1535 ἐμούς,

247 1554 366 1595 οὕτως
391 1553 496 1595 ὅπως
520 1554 568 1594 ἂν
592 1553 644 1604 μὴ
670 1553 814 1610 ’γκαλῇ
841 1552 1072 1604 πορσύνετε·

311 1621 410 1671 ὑμᾶς
435 1620 467 1660 δ’
493 1621 624 1662 ἰόντας
648 1623 777 1660 τοῖσιν
804 1621 845 1660 ἐν
871 1620 998 1672 τείχει
1019 1618 1147 1671 χρεὼν

247 1686 412 1742 Πριάμῳ
438 1703 480 1728 τε
506 1688 568 1727 καὶ
593 1687 754 1740 γέρουσι
782 1688 956 1738 σημῆναι
981 1685 1141 1738 νεκροὺς
1411 1688 1475 1718 330

248 1752 411 1795 θάπτειν
436 1753 621 1794 κελεύθου
645 1755 852 1807 λεωφόρου
879 1753 976 1806 πρὸς
1001 1751 1206 1804 ἐκτροπάς.

148 1849 221 1887 Xo.
379 1849 420 1889 τί
440 1848 526 1889 ποτ’
553 1849 732 1902 εὐτυχίας
760 1850 802 1889 ἐκ
827 1850 895 1899 τῆς
919 1846 1095 1900 μεγάλης

379 1917 526 1967 Τροίαν
551 1914 688 1967 ἀνάγει
713 1915 835 1956 πάλιν
860 1916 900 1957 ἐς
924 1914 1047 1965 πένθη

190 2009 254 2047 858
278 2011 375 2047 αὐτῆς
394 2009 420 2039 Ρ
529 2011 720 2050 πλημμελὲς
738 2011 807 2043 οἶδα
824 2010 850 2041 L
863 2010 889 2041 Ρ
1040 2011 1105 2048 859
1129 2008 1155 2040 δ’
1174 2008 1227 2049 ἂν]
1247 2009 1274 2040 δ’
1293 2008 1340 2048 ἄρ’
1357 2006 1473 2039 Ambr-

147 2053 321 2093 ἀρχοίμεθα
333 2053 362 2082 V
478 2054 542 2084 862
566 2065 596 2085 v.
613 2054 677 2085 del.
699 2053 830 2084 Verrall
957 2054 1021 2093 863
1039 2054 1142 2084 αὐτῶν
1154 2052 1184 2082 V
1300 2051 1363 2089 864
1380 2050 1473 2082 κατέ-

147 2109 262 2128 κτανεν
281 2096 445 2128 Matthiae
590 2098 655 2128 868
680 2099 707 2130 δ’
727 2097 780 2130 οὖν
799 2096 862 2127 LP
879 2107 885 2127 :
911 2096 945 2129 δὲ
961 2096 990 2125 V
1123 2097 1181 2134 871
1208 2095 1246 2132 δὴ
1265 2094 1412 2125 Person:
1439 2092 1473 2125 δὲ

148 2139 240 2171 codd.
318 2141 477 2181 τρέπομαι
497 2140 523 2170 L
537 2141 562 2171 P
577 2153 583 2172 :
608 2151 691 2172 corr.
706 2147 731 2181 p
820 2142 883 2179 872
909 2140 1008 2181 οἶκος]
1030 2143 1045 2172 ὁ
1061 2142 1173 2180 μα’ἰκος
1186 2137 1317 2175 Ambr.,
1331 2137 1472 2167 fortasse

146 2193 165 2212 e
182 2183 277 2222 δόμος
294 2189 327 2214 et
346 2185 430 2217 οἶκος
447 2185 623 2216 conflatum
791 2186 854 2224 873
879 2184 1078 2222 κηδεύσωσιν
1095 2182 1123 2212 V
1285 2182 1348 2220 875
1373 2182 1416 2214 εἷς
1434 2180 1472 2212 σὲ

148 2225 229 2258 LP:
257 2228 356 2260 εἰσέτι
373 2228 403 2258 V
577 2230 639 2268 875
652 2239 702 2268 sq.
728 2229 767 2259 cf.
787 2228 865 2258 Chr.
886 2227 956 2258 Pat.
975 2228 1038 2264 276
1056 2227 1155 2259 ὄλοιθ’
1175 2229 1190 2259 ὁ
1208 2226 1339 2268 δράσας·
1363 2225 1383 2263 ἡ
1401 2224 1472 2262 δίκη

146 2269 173 2300 δ’
193 2271 375 2304 ἐπίσταται.
401 2272 523 2303 ceteris
549 2273 684 2303 omissis
818 2271 881 2310 877
915 2270 941 2302 δ’
967 2280 1030 2300 om.
1057 2271 1171 2301 codd.:
1202 2270 1279 2302 add.
1306 2268 1470 2300 Morstadt

145 2313 208 2351 878
232 2315 276 2353 μὴ
293 2318 376 2357 καλῇ
394 2315 424 2345 V
511 2315 704 2356 πορσύνεται
723 2315 748 2344 P
892 2315 950 2344 881
978 2314 1129 2346 κελεύθου
1148 2313 1303 2344 Dobree:
1328 2311 1472 2346 κελεύειν

146 2357 242 2387 codd.
317 2358 482 2398 λεωφόρου
497 2358 601 2389 Vater
615 2370 620 2389 :
647 2358 809 2398 λαοφόρον
829 2357 854 2387 L
868 2357 894 2387 P
909 2369 915 2388 :
939 2357 1117 2397 λαοφόρους
1133 2357 1164 2387 V
1271 2358 1335 2396 883
1359 2356 1469 2396 ἀνάγει

145 2398 260 2430 Ambr.
277 2411 283 2431 t
311 2401 381 2440 ἄγει
398 2401 428 2430 V
442 2401 466 2430 L
480 2400 505 2430 P
596 2401 694 2437 πένθη
711 2400 739 2429 V
752 2400 778 2430 L
792 2400 835 2431 P:
862 2400 975 2432 πένθος
995 2400 1112 2430 Ambr.
