1658 2740
674 140 885 177 EAENH

219 243 302 283 ἐπεὶ
328 245 368 283 δὲ
393 245 537 294 Τροίας
564 243 804 294 ἐξανεστάθη
830 243 975 294 βάθρα,

219 310 281 349 καὶ
306 313 388 351 τοῖς
413 313 516 351 θεοῖς
541 309 720 363 παρέσχε
744 309 914 360 τοῦνομ’,
943 309 1085 350 οὐκέτι·

218 377 259 416 ἐν
284 379 390 416 τοῖσι
415 376 446 415 δ’
473 377 590 426 αὑτῆς
615 379 676 416 δεῖ
698 393 758 416 νιν
783 377 964 428 ἐζεῦχθαι
989 376 1130 428 γάμοις

217 444 349 482 ἐλθεῖν
374 443 406 482 τ’
435 444 473 485 ἐς
499 444 626 485 οἴκους
652 443 714 482 καὶ
739 445 975 493 συνοικῆσαι
999 443 1129 483 πόσει.
1364 450 1443 488 16²5

217 508 308 548 ἀλλ’
334 510 425 562 ἴσχε
449 511 520 560 μὲν
542 512 619 560 σῆς
644 509 840 561 συγγόνου
865 508 990 560 μέλαν
1015 508 1143 561 ξίφος,

220 576 352 626 νόμιζε
378 575 409 615 δ’
436 575 555 625 αὐτὴν
580 576 800 627 σωφρόνως
827 575 1025 628 πράσσειν
1050 575 1154 616 τάδε.

218 642 342 682 πάλαι
367 641 398 681 δ’
424 642 604 695 ἀδελφὴν
631 641 700 683 κᾶν
726 643 818 694 πρὶν
844 642 1111 693 ἐξεσώσαμεν,

221 710 380 758 ἐπείπερ
405 708 506 759 ἡμᾶς
532 707 630 750 Ζεὺς
657 710 847 759 ἐποίησεν
875 710 999 751 θεούς·

219 775 309 815 ἀλλ’
334 775 477 825 ἥσσον’
502 775 598 827 ἦμεν
623 779 692 815 τοῦ
716 775 973 828 πεπρωμένου
999 775 1033 815 θ’
1059 775 1138 826 ἅμα
1362 781 1445 811 1660

219 842 282 882 καὶ
306 845 382 882 τῶν
409 844 520 888 θεῶν,
548 843 606 884 οἶς
630 842 736 882 ταῦτ’
762 842 895 893 ἔδοξεν
919 842 984 883 ὧδ’
1012 842 1131 895 ἔχειν.

287 909 352 949 σοὶ
376 910 449 959 μὲν
473 907 556 948 τάδ’
581 908 697 956 αὐδῶ,
725 910 907 964 συγγόνῳ
933 909 966 949 δ’
992 911 1065 966 ἐμῇ
1089 907 1208 961 λέγω·

219 978 314 1015 πλεῖ
336 973 405 1024 ξὺν
430 976 547 1015 πόσει
574 980 646 1030 σῷ·
684 979 836 1027 πνεῦμα
860 976 892 1015 δ’
919 973 1018 1025 ἕξετ’
1044 977 1188 1028 οὔριον·

221 1042 375 1093 σωτῆρε
399 1040 432 1081 δ’
457 1041 566 1092 ἡμεῖς
592 1042 652 1081 σὼ
679 1041 905 1094 κασιγνήτω
930 1045 1056 1082 διπλῶ

220 1107 369 1147 πόντον
390 1107 680 1159 παριππεύοντε
704 1107 916 1160 πέμψομεν
942 1107 1106 1160 πάτραν.
1363 1111 1444 1152 1665

219 1173 315 1213 ὅταν
340 1175 381 1214 δὲ
407 1172 569 1230 κάμψῃς
596 1174 658 1214 καὶ
683 1173 925 1230 τελευτήσῃς
949 1175 1054 1225 βίον,

220 1242 307 1281 θεὸς
334 1239 507 1296 κεκλήσῃ
535 1240 597 1280 καὶ
625 1241 859 1293 Διοσκόρων
883 1240 982 1292 μέτα

222 1309 408 1347 σπονδῶν
432 1306 610 1358 μεθέξεις
636 1306 746 1358 ξένιά
769 1307 804 1347 τ’
832 1307 1047 1359 ἀνθρώπων
1073 1307 1178 1359 πάρα

221 1371 322 1422 ἔξεις
344 1372 429 1424 μεθ’
454 1373 576 1424 ἡμῶν·
616 1373 715 1415 Ζεὺς
740 1375 815 1426 γὰρ
840 1375 915 1415 ὧδε
939 1374 1144 1425 βούλεται.

220 1438 264 1478 οὗ
290 1439 323 1478 δ’
350 1439 494 1492 ὥρισέν
520 1457 586 1480 σοι
610 1444 746 1492 πρῶτα
771 1439 951 1482 Μαιάδος
975 1441 1100 1487 τόκος,
1365 1443 1447 1483 1670

223 1505 403 1557 Σπάρτης
427 1505 591 1558 ἀπάρας,
618 1506 686 1547 τὸν
713 1506 795 1547 κατ’
821 1507 987 1559 οὐρανὸν
1012 1508 1168 1559 δρόμον,

222 1571 373 1624 κλέψας
401 1572 518 1623 δέμας
543 1573 617 1613 σὸν
640 1573 693 1624 μὴ
721 1573 848 1626 Πάρις
872 1573 1008 1626 γήμειέ
1032 1591 1092 1619 σε,

219 1639 453 1691 -φρουρὸν
478 1639 567 1691 παρ’
593 1640 739 1690 Ἀκτὴν
764 1639 982 1691 τεταμένην
1006 1643 1130 1690 νῆσον
1155 1638 1319 1692 λέγω-

219 1704 366 1756 εΕλένη
392 1705 435 1745 τὸ
460 1706 601 1747 λοιπὸν
627 1708 669 1746 ἐν
694 1710 855 1758 βροτοῖς
882 1705 1126 1756 κεκλήσεται,

220 1771 306 1812 ἐπεὶ
333 1774 530 1813 κλοπαίαν
557 1772 595 1812 σ’
621 1774 662 1813 ἐκ
690 1774 820 1823 δόμων
847 1772 1017 1824 ἐδέξατο.
1363 1774 1444 1815 1675

168 1864 251 1902 1654
284 1867 370 1896 τοῖσι
409 1866 435 1896 δ’
472 1865 608 1895 Bothe:
647 1868 753 1897 τοῖσιν
792 1866 819 1895 L
838 1865 872 1903 Ρ,
911 1875 978 1904 quo
1017 1869 1153 1895 servato
1193 1864 1258 1896 del.
1299 1875 1329 1895 v.
1365 1866 1446 1903 1653

124 1906 245 1937 Nauck
334 1909 433 1946 αὑτῆς
455 1907 594 1939 Nauck:
623 1911 730 1940 αὐτοῖς
754 1909 780 1938 L
796 1909 822 1938 Ρ
957 1909 1038 1947 1655
1063 1907 1092 1939 τ’
1113 1908 1311 1938 Hermann:
1336 1908 1363 1939 δ’
1382 1908 1447 1938 LP

122 1953 300 1989 συνηκῆσαι
318 1950 345 1980 Ρ
523 1953 605 1990 1656
628 1954 704 1992 ἴσχε
721 1951 734 1981 l
749 1962 755 1981 :
781 1951 861 1991 ἔσχε
879 1951 906 1981 L
918 1951 944 1981 P
1115 1952 1195 1990 1657
1213 1950 1366 1992 πράττειν
1383 1951 1409 1980 L
1422 1951 1448 1981 P

125 1994 208 2032 1658
234 1995 292 2026 κᾶν
317 1995 388 2035 πρὶν
416 1993 550 2025 Heath:
587 1996 637 2027 καὶ
664 1996 735 2033 πρὶν
758 1994 785 2024 L
811 1999 898 2025 teste
926 1994 1072 2032 Vitellio,
1101 2004 1179 2024 nam
1204 1996 1253 2026 καὶ
1280 2004 1446 2033 suprascr.

123 2036 163 2066 Ll
181 2047 188 2066 z
211 2038 284 2078 πρίν
299 2036 331 2078 γ’
348 2042 384 2067 ut
399 2039 531 2068 videtur
550 2039 575 2068 P
590 2050 597 2068 τ
621 2040 659 2070 ἂν
673 2037 809 2076 Ἑλένην
826 2039 876 2069 καὶ
893 2039 966 2078 πρὶν
983 2037 1134 2068 Badham
1280 2038 1363 2077 1659
1380 2038 1444 2068 del.

124 2080 243 2111 Nauck
421 2083 502 2112 1660
526 2083 638 2119 ἥσσον’
662 2082 822 2112 Pierson:
847 2082 985 2119 ἥσσονες
1010 2080 1074 2110 LP
1260 2082 1341 2120 1663
1365 2084 1443 2112 πλεῖ

123 2124 255 2155 Cobet:
280 2128 374 2157 πλεῖν
397 2125 461 2155 LP
543 2126 602 2157 σὺν
620 2126 646 2155 P
774 2127 856 2164 1664
880 2126 906 2157 δ’
927 2125 953 2154 L
971 2136 977 2154 :
1002 2123 1026 2156 θ’
1046 2124 1072 2154 Ρ
1209 2125 1292 2154 1666
1315 2124 1448 2165 κάμψειε·

123 2193 130 2200 .
152 2192 158 2198 .
177 2191 185 2199 .
203 2169 411 2206 τελευτήσεις
423 2168 462 2205 ,P
477 2179 485 2186 ·
529 2179 594 2201 orr.
616 2174 640 2209 p
876 2170 955 2208 1667
980 2179 1028 2207 sq.
1049 2168 1154 2198 verba>
1173 2167 1256 2208 ξένιά
1276 2191 1283 2198 .
1305 2191 1313 2198 .
1333 2192 1340 2199 .
1360 2169 1449 2206 ἡμῶν

123 2211 258 2242 delebat
275 2179 540 2243 Herwerffg
646 2213 729 2251 1670
753 2211 889 2254 ὥρμισέν
903 2224 940 2244 σε
959 2212 1096 2251 Madvig
1114 2213 1165 2249 (σε
1187 2222 1303 2251 apogr.
1322 2211 1446 2251 Paris.)

129 2256 207 2292 1671
228 2256 285 2287 τὸν
298 2255 325 2285 Ρ
336 2259 369 2285 et
379 2265 546 2294 suprascr.
558 2254 597 2285 Ll
610 2255 664 2286 vel
683 2253 744 2287 L2:
768 2260 832 2288 τῶν
844 2255 870 2285 L
940 2255 1055 2297 δρόμον
1070 2255 1303 2287 Wilamowitz
1317 2267 1323 2285 :
1345 2254 1449 2294 δόμων

126 2298 152 2328 L
167 2298 215 2328 P:
245 2297 368 2338 δρόμων
393 2298 496 2337 Paley
719 2300 800 2338 1673
825 2300 958 2340 φρουρὸν
984 2298 1162 2329 Hermann
1182 2310 1188 2329 :
1221 2300 1354 2340 φρουροῦ
1378 2299 1403 2328 L
1423 2297 1449 2327 P

124 2340 304 2381 τεταμένην
335 2343 434 2380 νῆσον
466 2341 616 2374 Reiske:
648 2341 832 2383 τεταγμένη
857 2344 980 2381 μνῆσον
1014 2341 1040 2371 L
1059 2341 1110 2372 P:
1139 2355 1190 2383 γρ.
1221 2345 1320 2381 νῆσον
1349 2341 1387 2372 L¹
1414 2342 1445 2372 in

126 2394 231 2423 marg.
249 2396 256 2414 :
278 2387 393 2424 μνῆσοι
416 2390 438 2426 p
625 2387 706 2425 1675
731 2385 889 2418 κλοπαίαν
906 2385 937 2417 σ’
957 2384 1173 2416 Herwerden
1191 2397 1197 2415 :
1221 2387 1343 2418 κλοπὰς
1364 2385 1389 2415 L
1402 2385 1445 2415 P:

127 2428 250 2460 κλοπὰς
267 2428 326 2460 σὰς
343 2428 356 2458 l
