1658 2740
383 131 709 169 ΙΦΙΓΕΝΕΙΑ
761 132 797 168 11
850 131 925 167 EN
979 130 1192 167 ΑΎΑῙΔΙ

227 237 271 277 οὐ
295 236 370 289 γὰρ
397 235 590 276 ἀσύνετον
614 235 659 275 τὸ
685 237 805 284 θεῖον,
833 234 925 274 ἀλλ’
953 234 1038 287 ἔχει
1062 233 1237 274 συνιέναι
1365 237 1448 278 394a

227 304 317 345 τοὺς
339 306 463 344 κακῶς
483 302 679 355 παγέντας
700 303 835 354 ὅρκους
859 301 921 341 καὶ
944 300 1352 352 κατηναγκασμένους.
1388 314 1446 345 395

228 371 330 421 τάμὰ
356 369 388 410 δ’
415 369 482 409 οὐκ
509 370 712 409 ἀποκτενῶ
739 367 808 420 ’γὼ
834 366 964 408 τέκνω
1005 367 1072 407 κού
1097 366 1141 407 τὸ
1167 366 1240 408 σὸν
1264 369 1335 418 μὲν
1361 368 1402 408 εὖ

229 438 332 488 παρὰ
358 437 468 486 δίκην
493 436 607 476 ἔσται
635 435 822 485 κακίστης
849 435 998 476 εὔνιδος
1023 434 1200 487 τιμωρίᾳ,

228 504 295 553 ἐμὲ
323 505 364 543 δὲ
392 501 634 553 συντήξουσι
660 502 796 543 νύκτες
822 501 963 554 ἡμέραι
988 518 1029 541 τε
1056 501 1246 552 δακρύοις,

228 568 354 620 ἄνομα
380 571 532 622 δρῶντα
559 568 626 608 κού
652 569 780 609 δίκαια
806 571 948 610 παῖδας
975 568 1039 609 οὓς
1066 566 1289 619 ἐγεινάμην.

294 634 414 676 ταῦτά
443 652 507 675 σοι
531 634 689 688 βραχέα
713 634 902 675 λέλεκται
929 634 990 674 καὶ
1017 636 1128 686 σαφῆ
1156 634 1216 674 καὶ
1239 632 1365 688 ῥᾴδια·
1385 647 1451 677 400

228 703 261 744 εἶ
287 704 329 744 δὲ
354 701 404 753 μὴ
434 702 563 758 βούλῃ
590 705 752 755 φρονεῖν
782 701 834 748 εὖ,
861 701 949 753 τᾶμ’
977 699 1053 753 ἐγὼ
1073 700 1182 751 θήσω
1209 704 1349 742 καλῶς·

127 771 200 809 Xo.
297 768 369 809 οἵδ’
397 768 444 809 αὗ
468 768 651 821 διάφοροι
677 772 753 809 τῶν
779 767 902 820 πάρος
926 766 1180 820 λελεγμένων

298 835 444 886 μύθων,
479 839 606 878 καλῶς
632 835 664 875 δ’
691 836 844 889 ἔχουσι,
873 836 1084 888 φείδεσθαι
1106 833 1264 875 τέκνων.

128 904 204 942 Με.
303 903 398 948 αἰαῖ,
427 903 570 954 φίλους
595 901 654 954 ἄρ’
681 902 773 956 οὐχὶ
800 900 992 953 κεκτήμην
1016 900 1152 943 τάλας.

128 971 201 1020 Αγ.
301 970 334 1009 εἰ
360 968 450 1010 τοὺς
476 969 618 1021 φίλους
643 986 688 1021 γε
714 968 766 1020 μὴ
794 968 924 1011 θέλεις
950 969 1186 1010 ἀπολλύναι.
1387 979 1450 1010 405

129 1036 204 1075 Με.
306 1034 446 1085 δείξεις
472 1037 513 1075 δὲ
539 1039 613 1076 ποῦ
638 1052 704 1086 μοι
732 1035 880 1087 πατρὸς
907 1036 948 1076 ἐκ
973 1035 1114 1075 ταύτοῦ
1139 1035 1284 1087 γεγώς;

126 1103 198 1152 Αγ.
301 1106 605 1154 συνσωφρονεῖν
634 1118 701 1141 σοι
724 1101 908 1153 βούλομ’,
935 1101 1027 1142 ἀλλ’
1055 1101 1099 1141 οὐ
1125 1104 1347 1142 συννοσεῖν.

127 1169 203 1207 Με.
304 1168 344 1210 ἐς
371 1167 500 1208 κοινὸν
530 1168 670 1220 ἀλγεῖν
695 1172 777 1210 τοῖς
804 1169 965 1220 φίλοισι
989 1167 1064 1220 χρὴ
1092 1169 1246 1220 φίλους.

126 1236 201 1285 Αγ.
302 1233 344 1274 εὖ
369 1237 470 1286 δρῶν
497 1233 718 1286 παρακάλει
742 1234 795 1285 μ’,
822 1234 929 1275 ἀλλὰ
953 1233 1005 1286 μὴ
1031 1238 1167 1274 λυπῶν
1193 1233 1273 1285 ἐμέ.
1331 1259 1334 1261 -

127 1302 204 1340 Με.
303 1299 371 1340 οὐκ
397 1300 471 1353 ἄρα
497 1303 604 1342 δοκεῖ
629 1318 694 1341 σοι
718 1299 811 1342 τάδε
836 1305 972 1342 πονεῖν
997 1301 1071 1341 σὺν
1095 1300 1282 1347 Ἑλλάδι,·
1387 1313 1453 1345 410

127 1369 200 1418 Αγ.
296 1365 447 1410 Ἑλλὰς
473 1369 515 1408 δὲ
541 1367 615 1409 σὺν
642 1368 708 1408 σοὶ
735 1369 832 1408 κατὰ
857 1368 949 1409 θεὸν
975 1371 1090 1408 νοσεῖ
1111 1384 1211 1408 τινα.

129 1435 204 1473 Me.
303 1432 490 1489 σκήπτρῳ
518 1451 586 1475 νυν
611 1435 737 1488 αὔχει,
765 1434 839 1475 σὸν
867 1436 1109 1487 κασίγνητον
1134 1434 1313 1487 προδούς.

295 1499 374 1553 ἐγὼ
393 1500 426 1540 δ’
453 1501 513 1542 ἐπ’
540 1500 668 1543 ἄλλας
694 1500 772 1552 εἶμι
795 1501 978 1554 μηχανάς
1004 1518 1112 1544 τινας

296 1568 441 1618 φίλους
464 1567 498 1607 τ’
526 1567 586 1608 ἐπ’
612 1567 770 1610 ἄλλους.
810 1599 817 1608 .
858 1600 865 1608 .
907 1600 914 1608 .

128 1657 358 1687 ΑΓΓΕΛΟΣ
389 1658 415 1687 Α

862 1717 892 1758 ὦ
919 1716 1193 1768 Πανελλήνων
1218 1716 1329 1768 ἄναξ,

296 1782 562 1836 Ἀγάμεμνον,
591 1783 672 1834 ἥκω
698 1783 818 1825 παῖδά
844 1801 909 1825 σοι
935 1784 1006 1834 τὴν
1033 1784 1109 1834 σὴν
1136 1784 1255 1837 ἄγων,
1390 1798 1453 1828 415

170 1876 251 1915 394³
270 1884 335 1906 om.
355 1875 381 1905 L
396 1875 440 1906 P:
466 1875 622 1906 adferunt
643 1875 736 1907 Stob.
757 1876 788 1907 ss.
807 1876 858 1906 28.
883 1886 921 1906 10
939 1880 972 1906 et
990 1875 1166 1915 Theophil.
1180 1876 1222 1906 ad
1239 1875 1354 1907 Autol.
1370 1876 1400 1906 ii.
1414 1885 1456 1915 54

129 1927 255 1950 cumv,
273 1919 427 1958 sequenti
559 1928 624 1958 395
649 1918 975 1960 κατηναγκασμένους
995 1919 1159 1950 Stobaeus
1177 1924 1209 1950 et
1225 1919 1433 1959 Theophilus
1449 1931 1457 1950 ε

129 1961 452 2002 συνηναγκασμένους
471 1961 537 1992 LP
668 1963 733 2001 396
757 1964 811 1994 κού
831 1962 995 2001 Lenting:
1022 1963 1071 1994 καὶ
1092 1962 1118 1992 L
1131 1963 1157 1993 P
1287 1973 1349 2001 397
1374 1963 1457 2003 παρὰ

129 2004 220 2042 δίκην
238 2004 365 2035 Porson
382 2016 388 2035 z
425 2005 504 2047 πέρα
520 2006 607 2043 δίκης
627 2005 653 2035 L
667 2005 692 2035 P
854 2015 918 2044 399
944 2006 1116 2046 ἐγεινάμην
1134 2005 1174 2035 L‘2
1190 2018 1195 2036 :
1222 2006 1389 2047 ἐγείναμεν
1407 2006 1433 2036 Ρ
1449 2017 1457 2036 2

128 2052 306 2087 utrumque
325 2048 401 2087 (per
417 2049 672 2090 compendium)
692 2049 718 2079 L
819 2059 879 2088 401
907 2049 956 2089 εὖ]
979 2050 1018 2081 σὺ
1037 2049 1211 2079 Markland
1313 2060 1374 2088 404
1401 2051 1457 2081 οὐκ

129 2091 310 2130 ἐκεκτήμην
335 2091 449 2122 Heath
586 2093 739 2131 405ss412
764 2093 994 2132 paragraphos
1020 2093 1125 2132 praef.
1155 2093 1237 2123 LP:
1264 2098 1359 2123 notas
1382 2102 1457 2131 per-

127 2144 285 2164 sonarum
307 2134 347 2164 1³2
468 2145 529 2174 407
555 2139 798 2177 συσσωφρονεῖν
813 2137 875 2176 γὰρ
893 2138 964 2176 οὐχὶ
984 2139 1150 2168 συννοσεῖν
1169 2137 1248 2177 ἔφυν
1265 2136 1350 2166 Plut.
1372 2136 1454 2166 Mor.

128 2187 160 2216 p.
179 2177 251 2215 64C
270 2177 408 2208 sortasse
428 2189 470 2208 ex
485 2178 591 2217 Soph.
610 2178 689 2210 Ant.
703 2189 765 2217 523
780 2191 785 2209 :
804 2178 1001 2218 βουλόμεσθ’
1013 2181 1048 2211 οὐ
1061 2179 1141 2210 Fix:
1160 2180 1218 2210 sed
1231 2180 1263 2210 in
1277 2180 1338 2210 hac
1349 2179 1457 2209 fabula

128 2233 159 2252 αι
184 2220 325 2251 fortasse
350 2221 458 2260 potuit
480 2222 560 2252 elidi
578 2226 611 2252 ut
628 2223 661 2252 in
681 2222 775 2253 Nova
793 2222 988 2260 Comoedia,
1004 2222 1045 2253 cs.
1066 2222 1360 2265 Menand.’E7r17p.
1384 2223 1456 2261 138,

132 2274 202 2303 140,
228 2265 303 2305 226,
327 2265 386 2295 &c.
523 2266 586 2304 408
608 2268 638 2297 ἐς
655 2265 707 2295 hic
727 2265 792 2295 LP
932 2276 994 2304 412
1019 2267 1112 2307 αὔχει
1129 2266 1320 2306 Tyrwhitt:
1346 2268 1457 2308 αὐχεῖς

130 2306 155 2336 L
172 2306 198 2336 P
309 2317 456 2348 413—441
484 2308 720 2348 interpolatori
736 2309 849 2339 tribuit
868 2309 1050 2339 Kirchhoff
