1658 2740
647 121 869 158 ΒᾹΚΧΑΙ

98 229 168 266 Πε.
195 223 295 278 λέγ’,
323 225 374 267 ὡς
399 225 524 280 ἀθῷος
552 224 597 274 ἐξ
619 227 711 276 ἐμοῦ
736 223 891 266 πάντως
917 225 1005 279 ἔσῃ.

196 296 278 334 τοῖς
304 293 378 344 γὰρ
403 293 566 333 δικαίοις
592 293 681 345 οὐχὶ
707 294 924 342 θυμοῦσθαι
949 291 1091 343 χρεών.

196 360 278 413 ὅσῳ
304 359 335 398 δ’
364 358 412 399 ἂν
438 360 548 415 εἴπῃς
573 359 774 409 δεινότερα
797 361 964 411 βακχῶν
989 357 1092 408 πέρι,

195 429 345 480 τοσῷδε
369 428 525 476 μᾶλλον
550 424 618 465 τὸν
642 423 837 466 ὑποθέντα
862 426 930 466 τὰς
954 423 1097 477 τέχνας
1358 427 1419 466 675

196 492 349 545 γυναιξὶ
375 493 488 533 τόνδε
514 492 560 546 τῇ
589 492 672 548 δίκῃ
698 491 995 543 προσθήσομεν.

97 562 170 611 Αγ.
198 559 367 611 ἀγελαῖα
391 561 463 610 μὲν
487 557 712 609 βοσκήματ’
739 557 825 610 ἄρτι
850 557 946 609 πρὸς
970 557 1097 615 λέπας

195 625 362 679 μόσχων
387 624 655 682 ὑπεξήκριζον,
682 623 788 678 ἡνίχ’
814 624 926 675 ἥλιος

196 693 354 734 ἀκτῖνας
379 682 510 742 ἐξίησι
535 693 752 743 θερμαίνων
777 692 914 744 χθόνα.

195 759 271 810 ὁρῶ
298 761 338 799 δὲ
365 758 528 800 θιάσους
553 762 656 812 τρεῖς
681 759 911 811 γυναικείων
936 761 1080 811 χορῶν,
1357 759 1420 791 630

195 826 250 866 ὧν
275 824 362 878 ἦρχ’
390 825 476 867 ἑνὸς
500 827 572 876 μὲν
597 825 786 876 Αὐτονόη,
814 829 883 865 τοῦ
909 824 1089 877 δευτέρου
1275 815 1278 819 ’

194 890 319 944 μήτηρ
346 892 493 944 Ἀγαύη
521 891 587 942 σή,
613 893 744 944 τρίτου
768 891 801 932 δ’
828 891 915 932 Ἰνὼ
940 895 1073 945 χοροῦ.

194 958 312 1009 ηὗδον
338 960 380 999 δὲ
405 961 531 999 πᾶσαι
557 959 741 1010 σώμασιν
765 958 1006 1011 παρειμέναι,

194 1025 233 1065 αἲ
257 1027 330 1076 μὲν
356 1024 451 1077 πρὸς
477 1024 620 1075 ἐλάτης
644 1024 732 1065 νῶτ’
758 1026 964 1077 ἐρείσασαι
990 1025 1139 1076 φόβην,

194 1092 234 1132 αἳ
259 1090 292 1131 δ’
319 1093 361 1132 ἐν
386 1090 499 1143 δρυὸς
524 1091 720 1143 φύλλοισι
745 1091 841 1143 πρὸς
866 1090 970 1146 πέδῳ
997 1090 1095 1143 κάρα
1357 1091 1417 1132 685

197 1159 280 1215 εἰκῇ
305 1161 510 1209 βαλοῦσαι
535 1158 767 1211 σωφρόνως,
795 1157 869 1211 οὐχ
894 1157 944 1199 ὡς
970 1157 1020 1199 σὺ
1047 1156 1122 1214 φῂς

194 1223 399 1280 ᾠνωμένας
426 1226 587 1277 κρατῆρι
613 1225 674 1266 καὶ
699 1227 828 1265 λωτοῦ
851 1225 977 1279 ψόφῳ

194 1293 316 1344 θηρᾶν
342 1291 424 1332 καθ’
449 1292 548 1342 ὕλην
574 1292 726 1344 Κύπριν
750 1290 1017 1349 ἠρημωμένας.

259 1358 283 1410 ἡ
311 1357 362 1409 σὴ
387 1360 429 1400 δὲ
451 1357 577 1411 μήτηρ
603 1357 805 1409 ὠλόλυξεν
831 1360 872 1399 ἐν
896 1357 1038 1409 μέσαις

194 1427 389 1466 σταθεῖσα
415 1424 602 1479 βάκχαις,
630 1423 677 1476 ἐξ
697 1425 820 1466 ὕπνου
846 1428 967 1466 κινεῖν
992 1423 1122 1476 δέμας,
1355 1427 1418 1468 690

193 1490 387 1543 μυκήμαθ’
415 1491 466 1534 ὡς
490 1491 636 1542 ἤκουσε
662 1492 888 1545 κεροφόρων
912 1495 1035 1543 βοῶν.

196 1558 235 1598 αἳ
261 1557 294 1599 δ’
322 1559 605 1609 ἀποβαλοῦσαι
630 1558 798 1611 θαλερὸν
822 1558 1007 1610 ὀμμάτων
1031 1559 1155 1600 ὕπνον

196 1622 343 1682 ἀνῇξαν
370 1625 495 1677 ὀρθαί,
522 1624 635 1676 θαῦμ’
662 1626 758 1666 ἰδεῖν
784 1625 1007 1676 εὐκοσμίας,

192 1690 278 1732 νέαι
302 1692 468 1733 παλαιαὶ
496 1690 683 1743 παρθένοι
706 1691 740 1732 τ’
765 1691 818 1732 ἔτ’
844 1691 992 1743 ἄζυγες.

195 1757 257 1798 καὶ
280 1762 414 1810 πρῶτα
438 1760 510 1809 μὲν
537 1760 727 1799 καθεῖσαν
753 1759 807 1799 εἰς
833 1758 958 1808 ὤμους
984 1757 1104 1808 κόμας
1356 1761 1417 1801 695

193 1824 379 1876 νεβρίδας
403 1823 437 1864 τ’
463 1823 737 1865 ἀνεστείλανθ’
762 1824 924 1864 ὅσαισιν
949 1822 1137 1874 ἁμμάτων

195 1891 386 1942 σύνδεσμ’
413 1891 590 1937 ἐλέλυτο,
621 1891 683 1932 καὶ
710 1892 990 1932 καταστίκτους
1015 1891 1131 1941 δορὰς

191 1959 314 2010 ὄφεσι
340 1958 612 2007 κατεζώσαντο
636 1962 838 2011 λιχμῶσιν
862 1956 991 2010 γένυν.

133 2052 198 2089 673
221 2050 284 2080 del.
309 2049 437 2090 Nauck,
459 2049 498 2081 cl.
519 2050 557 2081 sr.
578 2051 650 2090 287.
675 2061 688 2081 1
813 2051 877 2090 675
901 2051 958 2083 τὰς
976 2049 1025 2080 L:
1048 2058 1113 2080 om.
1134 2048 1161 2079 P
1275 2049 1340 2088 678
1364 2048 1418 2085 βό-

92 2105 176 2124 σκων
194 2093 329 2132 Sandys
443 2095 508 2124 680
530 2095 702 2135 γυναικίων
722 2093 748 2123 Ρ
867 2095 927 2124 681
954 2095 1011 2125 τοῦ
1030 2092 1198 2131 Scaliger:
1225 2095 1283 2124 τοῦ
1300 2091 1334 2124 δὲ
1353 2091 1379 2122 L
1392 2091 1418 2121 Ρ

91 2136 156 2166 682
179 2136 290 2178 τρίτου
316 2136 479 2177 Musurus,
500 2142 534 2167 et
558 2142 646 2167 teste
670 2137 935 2168 Wilamowitzio
957 2137 1114 2176 primitus
1138 2135 1188 2166 L:
1212 2135 1305 2175 τρίτη
1330 2134 1356 2165 L
1371 2133 1417 2166 P:

90 2180 184 2221 τρίτη
210 2178 236 2211 δ’
263 2178 333 2212 Ἰνὼ
358 2180 467 2220 τρίτου
496 2179 671 2211 Hermann
818 2181 883 2219 683
908 2179 997 2212 εὗδον
1024 2180 1049 2209 L
1073 2179 1098 2210 P
1230 2179 1294 2218 684
1319 2181 1419 2211 νῶτον

90 2223 243 2262 primitus
260 2223 288 2254 L
374 2224 437 2264 687
463 2223 632 2264 οἰνωμένοις
657 2224 683 2254 L
697 2223 723 2254 P
741 2236 747 2255 ε
772 2234 856 2255 corr.
877 2223 1025 2263 Elmsley
1114 2223 1209 2264 ψήφῳ
1224 2221 1268 2254 P:
1295 2232 1378 2253 corr.
1393 2227 1418 2262 p

89 2267 154 2296 688
177 2265 378 2307 ὴρεμωμένας
396 2266 445 2298 P:
468 2266 678 2309 ἠρημωμένην
693 2267 875 2298 Wecklein
1043 2268 1108 2306 694
1131 2266 1161 2298 τ’
1180 2265 1226 2298 ἔτ’
1245 2265 1357 2306 ἄζυγες
1373 2275 1416 2295 ex

90 2309 169 2341 Chr.
200 2309 269 2341 Pat.
303 2311 386 2350 1834
409 2310 615 2350 Musgrave:
649 2324 687 2343 τε
716 2310 851 2352 κᾶζνγες
878 2310 905 2341 L
928 2309 954 2340 Ρ
1120 2310 1185 2348 696
1210 2308 1360 2350 ὀμμάτων
1391 2307 1417 2338 Ρ

88 2354 154 2392 698
177 2357 342 2394 λιχμῶσιν
361 2354 493 2385 Heath:
519 2358 694 2395 λιχμῶσαν
713 2354 738 2384 L
753 2354 780 2384 P
888 2353 986 2395 γέναν
1005 2352 1032 2383 Ρ
