1658 2740
611 147 955 187 Ε’ΥΡΙΠΙΔΟὙ

211 247 411 299 διέφερον·
450 247 625 300 ἥρπαζον
651 253 724 301 μὲν
753 253 794 292 ἐκ
819 254 949 304 δόμων
975 254 1104 296 τέκνα·

211 314 343 355 ὁπόσα
368 314 400 355 δ’
427 314 488 355 ἐπ’
517 316 637 367 ὤμοις
663 318 824 366 ἔθεσαν,
852 320 896 360 οὐ
922 324 1077 372 δεσμῶν
1101 324 1176 364 ὕπο
1379 339 1442 371 755

210 381 438 435 προσείχετ’
465 382 546 422 οὐδ’
573 383 736 426 ἔπιπτεν
768 387 807 428 ἐς
831 386 958 438 μέλαν
985 388 1117 436 πέδον,

208 447 254 486 οὐ
278 448 441 501 χαλκός,
469 450 513 490 οὐ
540 451 715 503 σίδηρος·
759 454 823 494 ἐπὶ
849 456 889 494 δὲ
915 456 1160 509 βοστρύχοις

176 515 178 563 ἰ
210 517 284 566 πῦρ
311 514 468 567 ἔφερον,
497 517 577 557 οὐδ’
607 518 749 560 ἔκαιεν.
827 520 863 560 οἳ
888 520 921 560 δ’
947 522 1066 574 ὀργῆς
1089 524 1164 564 ὕπο

178 590 181 617 ζ
211 581 248 622 ἐς
274 581 365 622 ὅπλ’
391 582 565 635 ἐχώρουν
594 587 811 637 φερόμενοι
836 591 1007 641 βακχῶν
1031 590 1121 630 ὕπο·

177 640 183 663 '⁵
207 646 326 699 οὗπερ
351 647 395 688 τὸ
421 649 550 690 δεινὸν
576 650 624 701 ἦν
653 652 764 703 θέαμ’
794 654 902 700 ἰδεῖν,
931 654 1041 705 ἄναξ.
1375 662 1441 702 760

208 717 290 756 τοῖς
314 717 385 765 μὲν
410 717 484 767 γὰρ
511 716 585 770 οὐχ
613 716 779 773 ᾕμασσε
804 721 1013 774 λογχωτὸν
1037 722 1175 773 βέλος,

211 784 332 821 κεῖναι
358 784 399 822 δὲ
426 783 594 835 θύρσους
609 776 847 835 ’ἐξανιεῖσαι
871 791 1000 841 χερῶν

209 847 484 899 ἐτραυμάτιζον
513 850 780 902 κάπενώτιζον
806 859 914 910 φυγῇ

208 918 387 966 γυναῖκες
412 915 570 968 ἄνδρας,
602 917 670 958 οὐκ
702 919 794 960 ἄνευ
820 921 921 961 θεῶν
947 938 1066 964 τινος.

207 980 329 1021 πάλιν
353 982 386 1021 δ’
413 983 588 1036 ἐχώρουν
615 985 708 1026 ὅθεν
736 987 924 1038 ἐκίνησαν
949 990 1061 1036 πόδα,
1377 998 1440 1036 765

209 1046 349 1099 κρήνας
375 1048 437 1090 ἐπ’
463 1050 582 1094 αὐτᾶς
609 1051 655 1093 ἃς
682 1052 794 1104 ἀνῆκ’
821 1054 957 1097 αὐταῖς
982 1057 1081 1099 θεός.

208 1115 377 1167 νίψαντο
403 1116 436 1156 δ’
463 1117 571 1168 αἷμα,
602 1120 785 1172 σταγόνα
810 1119 844 1160 δ’
871 1122 913 1162 ἐκ
939 1125 1140 1175 παρηίδων

206 1181 377 1239 γλώσσῃ
403 1183 610 1236 δράκοντες
641 1186 928 1240 ἐξεφαίδρυνον
953 1190 1084 1242 χροός.

271 1248 340 1289 τὸν
364 1250 512 1301 δαίμον’
537 1252 606 1293 οὖν
634 1253 738 1294 τόνδ’
765 1255 877 1296 ὅστις
904 1254 1001 1301 ἔστ’,
1029 1254 1057 1295 ὦ
1088 1257 1277 1304 δέσποτα,

206 1314 325 1368 δέχου
348 1315 464 1358 πόλει
489 1318 584 1375 τῇδ’·
626 1320 678 1362 ὡς
702 1319 751 1360 τά
777 1314 809 1361 τ’
839 1320 930 1362 ἄλλ’
957 1322 1069 1363 ἐστὶν
1094 1324 1228 1376 μέγας,
1373 1339 1436 1370 770

206 1381 359 1422 κάκεῖνό
384 1388 511 1435 φασιν
537 1384 667 1432 αὐτόν,
698 1386 749 1429 ὡς
777 1388 855 1440 ἐγὼ
882 1389 1001 1436 κλύω,

203 1448 273 1498 τὴν
298 1452 549 1492 παυσίλυπον
575 1452 756 1503 ἄμπελον
782 1457 916 1496 δοῦναι
940 1459 1113 1508 βροτοῖς.

203 1516 309 1555 οἴνου
336 1519 376 1558 δὲ
400 1517 534 1568 μηκέτ’
561 1521 675 1562 ὄντος
702 1520 770 1562 οὐκ
798 1522 912 1562 ἔστιν
940 1523 1089 1575 Κύπρις

203 1582 284 1622 οὐδ’
309 1582 411 1623 ἄλλο
435 1585 602 1636 τερπνὸν
630 1586 743 1628 οὐδὲν
769 1589 993 1641 ἀνθρώποις
1019 1590 1089 1631 ἔτι.

106 1650 175 1687 Xo.
202 1653 336 1701 ταρβῶ
361 1653 433 1701 μὲν
460 1652 583 1692 εἰπεῖν
609 1653 701 1696 τοὺς
726 1652 871 1707 λόγους
899 1656 1128 1708 ἐλευθέρους
1367 1670 1432 1704 775

202 1715 298 1768 πρὸς
322 1717 391 1757 τὸν
415 1718 622 1770 τύραννον,
648 1720 739 1761 ἀλλ’
766 1722 871 1773 ὅμως
900 1722 1113 1775 εἰρήσεται·

203 1780 399 1826 Διόνυσος
423 1785 565 1835 ἥσσων
591 1787 749 1830 οὐδενὸς
776 1791 876 1831 θεῶν
903 1790 992 1842 ἔφυ.

102 1850 172 1888 Πε.
200 1847 271 1900 ἤδη
298 1850 377 1890 τόδ’
405 1851 522 1904 ἐγγὺς
548 1852 654 1895 ὥστε
680 1858 755 1907 πῦρ
781 1855 1004 1908 ὑφάπτεται

198 1916 378 1969 ὕβρισμα
402 1922 582 1972 βακχῶν,
612 1922 744 1974 ψόγος
773 1923 812 1964 ἐς
831 1921 1039 1975 ’Έλληνας
1063 1924 1200 1978 μέγας.

199 1983 290 2024 ἀλλ’
316 1984 384 2026 οὐκ
409 1986 539 2027 ὀκνεῖν
567 1991 637 2028 δεῖ·
677 1989 804 2043 στεῖχ’
833 1989 894 2031 ἐπ’
920 1990 1141 2044 Ἠλέκτρας
1169 1993 1238 2033 ἰὼν
1365 1999 1430 2036 780

144 2085 204 2114 754
221 2076 335 2118 τέκνα]
349 2078 434 2122 τύχῃ
452 2080 606 2121 Madvig:
627 2082 720 2113 locus
735 2082 892 2114 difficilis:
907 2084 1034 2115 hiatum
1050 2090 1125 2124 post
1138 2095 1199 2125 754
1217 2085 1423 2127 Hartungus‚

97 2117 235 2149 alterum
254 2127 328 2160 post
347 2125 409 2162 756
428 2124 697 2157 Middendorfius
716 2128 829 2166 ponit:
855 2128 953 2159 τέκνα
970 2128 1085 2159 habuit
1104 2128 1257 2169 Nonnus,
1277 2129 1344 2161 xlv.
1365 2140 1428 2170 294

101 2171 159 2200 755
184 2168 260 2202 post
284 2165 342 2197 ὕπο
367 2167 506 2207 explicit
534 2169 579 2200 L:
606 2170 709 2202 λείπει
734 2170 842 2202 adscr.
870 2171 883 2200 l
1036 2172 1099 2211 758
1124 2173 1228 2205 ἔκαιεν
1258 2173 1427 2213 Elmsley:

99 2206 211 2237 ἐκαίεθ’
230 2206 257 2236 Ρ
356 2211 420 2250 oc‘p
437 2223 443 2241 :
467 2212 486 2250 ἡ
505 2212 531 2242 Ρ
634 2214 693 2252 761
719 2217 785 2246 τοῖς
804 2214 996 2254 Stephanus
1014 2227 1021 2246 ε
1045 2218 1102 2248 »ras
1124 2215 1150 2245 Ρ
1167 2228 1173 2247 :
1198 2218 1256 2249 τὰς
1274 2216 1426 2247 Brodeau

98 2249 159 2287 764
197 2254 346 2291 ’γυναῖκες
385 2253 566 2287 Musurus:
601 2260 752 2297 ’γυναῖκας
783 2257 809 2287 Ρ
951 2259 1013 2297 766
1038 2260 1097 2296 ἔπ’,
1128 2261 1221 2292 αὐτὸς
1247 2260 1425 2291 Marchant

98 2293 160 2329 768
193 2294 362 2334 δράκοντες
399 2298 550 2330 Reiske:
576 2300 747 2337 δράκοντος
777 2300 804 2330 Ρ
979 2302 1184 2344 ἐξεφέδρυνον
1211 2302 1254 2335 Ρ;
1287 2313 1373 2335 corr.
1398 2308 1424 2344 p

98 2344 158 2373 773
183 2338 283 2379 οἴνου]
303 2339 445 2372 sortasse
461 2342 576 2374 τούτου
748 2345 811 2383 776
835 2346 910 2385 πρὸς
935 2356 952 2376 e
979 2345 1056 2377 Chr.
1086 2345 1155 2378 Pat.
1181 2357 1266 2377 2222
1286 2351 1319 2377 et
1337 2357 1422 2385 2244

98 2378 277 2412 Wecklein
296 2394 301 2412 :
330 2386 371 2415 εἰς
399 2384 425 2414 Ρ
558 2387 619 2425 778
644 2387 825 2428 ὑφάπτεται
844 2388 923 2419 Chr.
946 2388 1016 2420 Pat.
1035 2400 1119 2428 2227
1137 2401 1143 2420 :
1170 2391 1347 2431 ἐφάπτεται
1366 2389 1392 2420 Ρ
