1658 2740
357 155 682 193 1‹1›11'ENE1A
733 156 766 192 Il
824 155 897 191 EN
948 154 1162 191 ATMM

394 264 522 302 τοῖσιν
547 259 719 311 ἅρμασιν
745 258 871 303 θετόν,

328 327 502 377 εὔσημόν
528 344 572 378 γε
599 325 741 378 φάσμα
768 323 998 375 ναυβάταις.

326 429 505 466 Βοιωτῶν
531 425 564 464 δ’
589 426 770 475 ὅπλισμα
794 424 955 464 πόντιον
1310 419 1412 475 [στρ.

325 492 570 543 πεντήκοντα
594 493 689 542 νῆας
715 491 875 541 εἰδόμαν

325 558 549 609 σημείοισιν
576 556 880 608 ἐστολισμένας·
1353 568 1415 598 255

455 627 537 666 τοῖς
563 626 603 664 δὲ
632 623 792 674 Κάδμος
817 622 864 673 ἦν

390 691 564 744 χρύσεον
589 689 770 742 δράκοντ’
796 690 901 744 ἔχων

393 757 497 809 ἀμφὶ
521 760 624 797 ναῶν
652 757 843 809 κόρυμβα·

394 823 538 874 Λήιτος
563 822 596 863 δ’
623 824 643 862 ὁ
669 823 838 875 γηγενὴς

392 891 491 943 ἆρχε
516 889 625 930 ναΐου
652 893 835 941 στρατοῦ·
1355 891 1417 922 260

393 958 572 998 Φωκίδος
597 955 629 995 δ’
658 955 736 996 ἀπὸ
760 955 906 1009 χθονὸς

392 1026 547 1075 Λοκρᾶς
570 1040 611 1063 τε
638 1021 764 1062 τοῖσδ’
791 1023 880 1063 ἴσας
905 1021 1014 1074 ἄγων

328 1093 419 1131 ναῦς
446 1086 572 1141 (ἦλθ’)
599 1087 758 1130 Οἰλέως
783 1089 896 1130 τόκος
924 1089 1069 1129 κλυτὰν

396 1154 581 1207 Θρονιάδ’
609 1155 779 1195 ἐκλιπὼν
806 1155 937 1195 πόλιν.

225 1281 291 1287 -
329 1255 517 1306 Μυκήνας
542 1257 581 1296 δὲ
608 1257 676 1297 τᾶς
704 1255 942 1297 Κυκλωπίας
1315 1249 1416 1306 [ἀντ.

327 1326 418 1364 παῖς
443 1321 613 1373 Ἀτρέως
638 1321 789 1372 ἔπεμπε
813 1321 1014 1373 ναυβάτας
1358 1323 1419 1354 266

326 1392 431 1430 ναῶν
457 1387 595 1429 ἑκατὸν
621 1387 919 1440 ἠθροϊσμένους·

460 1454 534 1495 σὺν
559 1454 592 1494 δ’
612 1454 837 1506 ’Ἄδραστος
862 1453 909 1504 ἦν

394 1522 526 1574 ταγός,
555 1521 606 1563 ὡς
632 1522 752 1573 φίλος
778 1521 897 1576 φίλῳ,

386 1591 456 1630 τᾶς
481 1588 688 1641 φυγούσας
711 1587 892 1639 μέλαθρα
1358 1598 1419 1629 270

394 1653 615 1706 βαρβάρων
640 1653 758 1707 χάριν
783 1653 918 1705 γάμων

396 1719 537 1772 πρᾶξιν
561 1719 713 1762 Ἑλλὰς
740 1720 790 1762 ὡς
814 1719 950 1771 λάβοι.

397 1789 440 1827 ἐκ
467 1786 606 1826 Πύλου
631 1788 673 1827 δὲ
698 1785 904 1839 Νέστορος

400 1854 586 1906 Γερηνίου
613 1853 846 1903 κατειδόμαν

329 1919 505 1971 πρύμνας
531 1921 640 1970 σῆμα
665 1920 885 1971 ταυρόπουν
911 1919 1017 1970 ὁρᾶν,
1357 1932 1417 1961 275

139 2022 198 2051 251
220 2012 335 2054 ἅρμασι
350 2012 443 2044 θετόν
463 2012 488 2042 Ρ
504 2024 510 2042 :
528 2012 757 2053 ἁρματήλατον
773 2011 951 2042 Wecklein
966 2024 971 2042 ς
997 2011 1132 2053 ἅρμασιν
1146 2012 1218 2044 θοάν
1236 2012 1420 2043 Firnhaber

97 2065 159 2094 252
183 2069 222 2096 γε
249 2056 447 2094 Musgrave:
473 2069 509 2086 τε
539 2055 603 2085 LP
767 2063 830 2093 253
854 2058 917 2087 τῶν
944 2059 1022 2085 ante
1050 2058 1194 2086 Βοιωτῶν
1221 2055 1296 2085 add.
1327 2055 1367 2085 L²
1380 2055 1419 2085 Ρ2

96 2099 227 2130 πόντιον
252 2098 426 2137 England:
464 2099 596 2130 ποντίας
624 2098 689 2128 LP
854 2106 915 2136 255
942 2096 1193 2137 εὐστολισμένας
1218 2098 1301 2129 LP:
1333 2108 1416 2129 corr.

97 2141 249 2180 Scaliger
337 2143 400 2180 258
425 2141 545 2182 κόρυβα
562 2141 716 2181 primitus
736 2140 761 2170 P
851 2143 915 2171 260
938 2141 1042 2182 ἄρχει,
1062 2140 1252 2179 utvidetur‚
1265 2141 1420 2179 primitus

98 2185 123 2214 L
138 2184 163 2214 P
253 2189 327 2224 post
345 2186 405 2214 261
426 2185 578 2215 lacunam
597 2184 737 2215 duorum
755 2194 807 2215 vv.
825 2184 1057 2214 indicaverunt
1077 2183 1102 2213 L
1116 2182 1159 2214 P:
1183 2183 1419 2215 lacunam'esse

98 2233 221 2267 negant
240 2227 281 2257 L²
301 2227 341 2257 P2
485 2229 549 2257 262
572 2230 692 2269 Λοκρᾶς
709 2241 746 2259 τε
765 2227 919 2267 Madvig:
945 2229 1070 2269 λοκροῖς
1088 2226 1123 2258 δὲ
1141 2226 1167 2256 L
1180 2227 1223 2258 P:
1248 2228 1369 2268 Λοκρὰς
1386 2227 1419 2259 δὲ

97 2273 202 2303 ταῖσδ’
222 2270 407 2301 Markland.
487 2271 550 2308 263
569 2273 642 2302 ναῦς
655 2269 727 2307 ἦλθ’
742 2270 903 2301 Matthiae
918 2281 924 2300 :
945 2273 1018 2302 ναῦς
1037 2270 1062 2300 L
1076 2269 1102 2299 P
1117 2282 1122 2301 :
1142 2269 1183 2307 ’ἧν
1199 2272 1272 2303 ναῦς
1290 2270 1418 2308 Nauck,

98 2313 139 2344 cs.
158 2323 221 2353 275
340 2315 404 2352 265
430 2314 579 2351 Μυκήνας
598 2313 717 2344 Nauck
733 2326 738 2344 ε
765 2316 800 2346 ἐκ
815 2314 955 2354 μυκὴνας
973 2314 1000 2343 L
1012 2312 1038 2342 P
1149 2315 1206 2346 τὰς
1223 2314 1421 2346 κυκλωπείας

101 2357 126 2386 L
141 2356 167 2387 P
184 2363 269 2396 ματη
288 2370 301 2388 ε
318 2357 467 2387 deletum
484 2357 518 2386 in
537 2356 578 2397 P)
685 2358 747 2395 267
774 2356 998 2398 ἠθροισμένους
1017 2355 1043 2385 Ρ
1147 2357 1210 2386 268
1225 2355 1419 2398 Ἄδραστος]

101 2401 238 2441 ἀδελφὸς
256 2399 441 2440 Markland,
463 2409 638 2439 perperam
657 2405 738 2439 puto
867 2409 928 2438 275
946 2398 1102 2441 πρύμνας]
1119 2399 1264 2431 sortasse
1280 2403 1421 2441 πρυμνᾶν

1275 2455 1336 2486 19*
