1658 2740
666 125 891 163 ΒΑΚΧΑΙ

219 227 419 280 μακάριος,
446 229 556 280 ἡμῶν
581 228 702 270 τοιάδ’
730 229 1059 282 ἐξειργασμένων.

122 299 192 337 Κα.
215 294 244 336 ὦ
270 295 412 338 πένθος
437 296 481 336 οὐ
505 296 696 348 μετρητὸν
721 296 801 336 οὐδ’
826 297 910 336 οἶόν
934 295 967 335 τ’
994 297 1102 341 ἰδεῖν,

211 352 345 423 Ιφόνον
371 364 573 405 ταλαίναις
597 364 737 416 χερσὶν
761 361 1091 414 ἐξειργασμένων.
1113 389 1116 399 ι
1359 376 1442 408 1245

222 428 343 470 καλὸν
367 429 411 469 τὸ
435 432 535 480 ὥμα
560 432 847 480 καταβαλοῦσα
870 429 1055 479 δαίμοσιν

220 495 285 536 ἐπὶ
310 499 423 536 δαῖτα
449 495 593 547 Θήβας
617 496 739 537 τάσδε
766 497 861 547 κάμὲ
888 500 1140 548 παρακαλεῖς.

220 563 325 613 οἴμοι
351 566 476 603 κακῶν
501 565 573 613 μὲν
598 566 732 616 πρῶτα
757 566 852 609 σῶν,
879 562 999 604 ἔπειτ’
1025 563 1144 613 ἐμῶν·

222 628 272 670 ὡς
298 630 318 668 ὁ
343 629 430 671 θεὸς
455 629 555 680 ἡμᾶς
580 631 739 672 ἐνδίκως
764 628 849 680 μέν,
876 629 969 670 ἀλλ’
995 629 1108 681 ἄγαν,

224 696 390 747 Βρόμιος
416 695 517 747 ἄναξ
539 695 717 737 ἀπώλεσ’
743 698 885 754 οἰκεῖος
910 696 1049 748 γεγώς.
1124 689 1139 720 s)
1364 712 1446 741 1250

122 764 196 814 Ay.
223 761 274 803 ὡς
300 761 497 803 δύσκολον
522 762 566 803 τὸ
590 765 712 817 γῆρας
736 752 955 815 ἀιῖίθρῶποις
980 764 1055 815 ἔφυ

223 827 265 869 ἔν
290 827 323 868 τ’
349 830 499 880 ὄμμασι
525 830 771 882 σκυθρωπόν.
843 831 923 870 εἴθε
947 833 1037 872 παῖς
1064 831 1155 881 ἐμὸς

225 895 386 948 εὔθηρος
411 897 483 947 εἴη,
509 896 654 947 μητρὸς
679 897 877 938 εἰκασθεὶς
902 897 1075 949 τρόποις,

224 961 281 1002 ὅτ’
307 963 349 1003 ἐν
375 963 569 1003 νεανίαισι
595 965 796 1014 Θηβαίοις
820 962 900 1014 ἅμα

208 1031 353 1081 ’,θηρῶν
377 1028 568 1084 ὀριγνῷτ’·
607 1030 714 1070 ἀλλὰ
739 1032 950 1084 θεομαχεῖν
975 1030 1097 1081 μόνον
1364 1043 1446 1074 1255

211 1095 306 1137 ὀἷός
329 1094 362 1134 τ’
388 1096 549 1138 ἐκεῖνος.
622 1095 885 1146 νουθετητέος,
913 1095 1046 1148 πάτερ,

224 1160 403 1203 σούστίν.
474 1163 533 1205 τίς
557 1161 675 1203 αὐτὸν
699 1161 799 1213 δεῦρ’
825 1162 873 1203 ἂν
898 1165 995 1215 ὄψιν
1020 1164 1075 1205 εἷς
1099 1162 1196 1214 ἐμὴν

225 1227 446 1275 καλέσειεν,
472 1228 520 1271 ὡς
544 1230 606 1285 ’ίδῃ
632 1246 681 1280 με
706 1229 778 1280 τὴν
803 1228 1032 1281 εὐδαίμονα,·

126 1296 199 1336 Κα.
227 1297 304 1347 φεῦ
329 1298 418 1348 φεῦ·
457 1294 716 1348 φρονήσασαι
738 1297 810 1347 μὲν
836 1295 886 1337 οἷ’
911 1295 1104 1348 ἐδράσατε

225 1360 416 1414 ἀλγήσετ’
443 1361 566 1415 ἄλγος
592 1363 734 1404 δεινόν·
771 1363 805 1403 εἰ
829 1364 870 1403 δὲ
896 1364 959 1403 διὰ
983 1362 1121 1405 τέλους
1368 1369 1449 1400 1260

225 1429 268 1469 ἐν
292 1427 381 1483 τῷδ’
406 1429 467 1470 ἀεὶ
491 1428 636 1480 μενεῖτ’
661 1430 705 1470 ἐν
730 1427 762 1484 ᾦ
786 1428 1016 1476 καθέστατε,

225 1494 294 1535 οὐκ
319 1494 553 1549 εἴη-υχοΰσαι
578 1494 704 1547 δόξετ’
729 1495 820 1549 οὐχὶ
845 1497 1068 1549 δυστυχεῖν.

127 1564 202 1614 Αγ.
227 1561 268 1602 τί
289 1560 323 1602 δ’
349 1561 393 1602 οὐ
419 1565 548 1604 καλῶς
573 1562 686 1603 τῶνδ’
712 1558 736 1612 ἢ
761 1562 802 1603 τί
822 1566 1005 1615 λυπηρῶς
1029 1563 1133 1616 ἔχει;

129 1631 202 1668 Κα.
230 1631 385 1680 πρῶτον
408 1630 481 1680 μὲν
506 1629 546 1671 ἐς
572 1628 678 1670 τόνδ’
705 1627 826 1680 αἰθέρ’
850 1630 957 1679 ὄμμα
982 1628 1056 1670 σὸν
1080 1628 1207 1680 μέθες.

129 1697 203 1747 Ay.
231 1694 327 1735 ἰδού·
365 1696 404 1735 τί
425 1711 492 1746 μοι
515 1694 618 1736 τόνδ’
647 1693 1066 1751 ἐξιζπεῖπας,,εἶσορᾶν;
1367 1702 1448 1742 1265

130 1763 204 1801 Κα.
231 1760 287 1801 ἔθ’
314 1761 428 1803 αὑτὸς
451 1760 475 1811 ἥ
501 1778 565 1802 σοι
591 1762 821 1813 μεταβολὰς
846 1761 953 1815 ἔχειν
979 1764 1102 1808 δοκεῖ,-

129 1830 204 1880 Αγ.
229 1827 500 1880 λαμπρότερος
525 1824 548 1878 ἢ
574 1828 663 1879 πρὶν
692 1827 754 1868 καὶ
779 1826 1101 1884 διειπετέστερος.
1197 1832 1244 1884 Ἶ-

131 1897 204 1934 Κα.
230 1893 275 1934 τὸ
299 1895 340 1935 δὲ
360 1896 546 1951 QQR
563 1894 644 1934 τόδ’
671 1894 727 1934 ἔτι
753 1899 806 1951 σῇ
832 1898 944 1950 ψυχῇ
965 1883 1090 1947 {stiffi}

131 1963 205 2013 Ay.
232 1960 301 2002 οὐκ
326 1960 414 2001 οῖδα
437 1960 580 2002 τοῦπος
607 1964 734 2000 τοῦτο.
805 1961 990 2013 γίγνομαι
1015 1960 1058 2002 δέ
1082 1978 1164 2003 πως

231 2027 377 2074 ἔννους,
404 2029 701 2085 μετασταθεῖσα
726 2030 803 2068 τῶν
828 2025 950 2080 πάρος
973 2031 1142 2080 φρενῶν.
1369 2042 1452 2072 1270

133 2096 205 2136 Ka.
234 2093 365 2136 κλύοις
390 2093 438 2135 ἂν
464 2094 530 2134 οὖν
554 2111 592 2134 τι
618 2092 859 2146 κάποκρίναι’
882 2093 931 2134 ἂν
956 2098 1117 2146 σαφῶς;

177 2194 259 2225 1245
284 2185 527 2226 ἐξειργασμένον
538 2190 563 2226 p
712 2194 793 2225 1252
818 2185 1003 2227 σκυθρωπόν
1021 2186 1180 2218 Musurus
1196 2197 1203 2217 :
1227 2187 1409 2228 σκυθρωπός
1428 2187 1454 2217 Ρ

134 2239 215 2268 1254
240 2228 286 2261 ὅτ’
306 2228 356 2270 ἐν]
374 2230 457 2261 ὅπως
473 2228 670 2260 Wecklein:
695 2229 805 2259 malim
824 2229 907 2271 ἄγρᾳ
924 2239 983 2269 pro
1001 2228 1065 2268 ἅμα
1214 2239 1295 2269 1257
1321 2231 1454 2263 σούστίν

133 2272 332 2304 Kirchhoff:
359 2273 411 2304 σοί
432 2272 461 2303 τ’
485 2275 575 2304 ἐστιν
595 2272 642 2304 P:
662 2272 714 2304 σοι’
736 2271 765 2304 τ’
792 2273 862 2304 ἐστὶ
881 2274 971 2312 κάμοὶ
985 2274 1028 2313 μὴ
1046 2276 1158 2315 σοφοῖς
1171 2274 1296 2315 χαίρειν
1310 2277 1428 2306 κακοῖς.
1448 2273 1452 2315 l

131 2319 191 2348 ποῦ
208 2315 311 2354 ’στινς
330 2315 498 2357 Musurus,
511 2316 594 2356 ipse,
610 2321 646 2347 ut
658 2316 737 2355 vid.,
752 2315 975 2356 interpolator
1118 2319 1198 2356 1267
1216 2317 1453 2359 διιπετέστερος

132 2359 159 2390 P
178 2370 185 2390 z
209 2369 293 2434 eorl}
315 2353 498 2399 my*
630 2360 711 2390 1268
734 2358 812 2394 τόδέ
826 2373 858 2391 τι
875 2358 903 2389 Ρ
1069 2370 1147 2400 1271
1175 2364 1283 2402 σαφῶς
1303 2361 1452 2393 Reiske:

133 2406 239 2445 σοφῶς
