1658 2740
369 411 448 450 ΤΛ
495 411 614 452 TOT
662 407 996 454 ΔΡΑΜΑΤΟΣ
1047 407 1346 454 ΠΡΟΣΩΠΑ

191 554 449 593 ΔιοΝτΣοΣ
863 552 1097 593 ΘΕΡΑΠΩΝ

191 629 360 671 ΧοΡοΣ
782 658 789 667 .
863 630 1090 671 ΑΓΓΕΛΟΣ
1320 593 1342 654 )

190 705 457 748 ΤΕιΡεΣιΑΣ
864 705 1056 747 ΕΤΕΡΟΣ
1082 706 1307 748 ΑΓΓΕΛΟΣ

192 783 408 825 ΚΑΔΜΟΣ
863 784 1029 823 Arm-H

194 859 428 900 ΠΕΝΘΕτΣ

600 937 803 978 Διόνυσος
829 937 848 975 ὁ
873 937 1122 989 προλογίζων

231 1110 456 1142 Personarum
475 1111 620 1141 indicem
647 1110 680 1140 in
707 1110 860 1141 ordinem
888 1110 1023 1141 reduxit
1042 1109 1217 1150 Elmsley:
1241 1109 1290 1140 sic
1313 1109 1439 1140 habent
1457 1109 1523 1140 LP

185 1155 341 1187 διόνυσος.
362 1154 502 1186 πενθεύς.
523 1153 618 1194 χορός
638 1154 750 1194 (χορὸς
767 1156 903 1193 βακχῶν
920 1154 973 1193 Ρ).
1000 1153 1151 1194 Θεράπων.
1169 1154 1338 1196 τειρεσίας.
1367 1154 1518 1195 ἄγγελος.

187 1198 314 1238 κάδμος.
351 1197 458 1238 ἕτερος
483 1198 634 1238 ἅγγελος.
680 1197 762 1237 ’γυνή
789 1198 856 1235 (καὶ
882 1196 964 1237 γυνή
994 1196 1059 1237 P):
1083 1201 1225 1236 apparet
1250 1197 1334 1227 haec
1361 1207 1380 1227 e
1407 1197 1522 1227 codice

185 1241 358 1281 descripta
375 1251 451 1272 esse
468 1241 502 1270 in
521 1250 588 1280 quo
607 1240 744 1270 nomina
762 1240 810 1270 sic
832 1240 998 1279 disposita
1010 1245 1116 1272 *erant

318 1301 483 1334 Διόνυσος.
1032 1299 1178 1331 Πενθεύς.

317 1344 424 1386 χορός.
1032 1343 1182 1384 θεράπων.

316 1388 489 1429 Τειρεσίας.
1029 1387 1181 1427 ἄγγελος.

318 1432 453 1472 Κάδμος.
1034 1430 1139 1471 ἕτερος
1160 1430 1312 1472 ἄγγελος.

752 1474 883 1516 Ἀγαύη.
1289 1473 1299 1481 ’

228 1534 278 1566 Cf.
308 1535 349 1566 ad
379 1535 518 1566 Person.
548 1535 693 1565 indicem
722 1535 997 1566 Phoenissarum.
1057 1534 1185 1564 Eodem
1219 1534 1292 1565 fere
1320 1533 1387 1564 ritu
1413 1533 1518 1572 expli-

183 1579 278 1610 candi
291 1583 368 1609 sunt
380 1579 516 1609 ordines
531 1579 597 1608 dati
609 1589 627 1608 a
640 1578 667 1607 B
679 1579 708 1608 V
722 1579 755 1608 in
773 1578 894 1609 Medea
906 1578 983 1619 (sed
995 1581 1104 1610 παιδες
1119 1578 1233 1608 omissi
1247 1581 1344 1609 erant
1356 1577 1390 1608 in
1403 1577 1520 1608 arche-

184 1622 293 1662 typo)7
314 1633 333 1652 a
351 1622 377 1651 P
395 1623 427 1651 in
448 1621 625 1652 Alcestide
644 1622 775 1661 (omissi
794 1624 865 1654 παῖς
883 1626 917 1652 et
934 1621 1031 1664 χορός
1048 1622 1082 1651 in
1099 1621 1316 1661 archetypo),
1335 1620 1392 1652 alii

227 1665 293 1695 Pro
327 1665 479 1705 θεράπων.
518 1666 669 1705 ἄγγελος.
707 1664 814 1706 ἕτερος
846 1666 990 1706 ἄγγελος
1016 1664 1142 1695 mavult
1171 1664 1322 1706 θεράπων.
1352 1663 1519 1702 βουκόλος.

183 1709 290 1749 ἕτερος
309 1708 452 1746 θεράπων
470 1707 651 1738 Wecklein
744 1707 847 1738 verba
864 1708 1021 1740 Διόνυσος
1039 1710 1056 1740 ὁ
1071 1707 1280 1751 προλογίζωολ
1289 1718 1354 1740 om.
1373 1708 1400 1738 P

1163 2145 1183 2159 ξ

231 2256 328 2290 Acta
353 2255 476 2300 paullo
495 2261 578 2299 post
600 2265 738 2289 annum
766 2261 845 2288 A.C.
867 2254 938 2296 406
963 2260 1108 2287 mortuo
1133 2258 1254 2297 poeta.
1309 2250 1434 2286 Schol.
1450 2250 1515 2284 Ar.

187 2316 281 2347 Ran.
301 2314 357 2355 64.
419 2313 577 2348 Codices
606 2314 633 2346 L
655 2314 704 2346 P:
727 2314 755 2346 L
775 2320 856 2356 post
884 2324 915 2346 v.
944 2319 1009 2356 755
1037 2311 1172 2346 deficit.
1249 2309 1399 2345 Scholia
1424 2320 1516 2353 pau-

185 2371 347 2405 cissxma.
