1658 2740
688 99 1034 138 ΕΎῬΙΠΙΔΟΎ

296 200 319 251 ἦ
344 218 419 243 που
445 201 632 243 στένουσι
659 202 852 255 τλήμονες
877 206 1007 258 φυγᾶς
1030 205 1144 257 ἐμάς,·

196 271 247 307 lo.
300 272 424 310 κακῶς
450 271 547 310 θεῶν
573 287 631 312 τις
656 272 824 312 Οἰδίπου
850 273 1004 325 φθείρει
1027 272 1154 325 γένος·

294 336 393 375 οὕτω
419 337 494 388 γὰρ
518 335 664 389 ἤρξατ’,
692 337 818 389 ἄνομα
842 341 915 390 μὲν
940 343 1066 380 τεκεῖν
1093 339 1173 391 ἐμέ,
1463 345 1524 386 380

296 405 422 444 κακῶς
446 405 488 444 δὲ
514 405 636 456 γῆμαι
660 405 810 458 πατέρα
835 406 909 447 σὸν
935 407 1059 459 φῦναί
1079 423 1123 447 τε
1149 406 1209 448 σε’.

295 469 393 520 ἀτὰρ
418 471 460 510 τί
479 473 619 519 ταῦτα;
657 475 718 513 δεῖ
741 472 877 526 φέρειν
903 475 950 514 τὰ
974 477 1052 514 τῶν
1076 476 1188 515 θεῶν.

255 540 259 545 ”
296 536 401 577 ὅπως
426 536 457 576 δ’
482 537 641 590 ἔρωμαι,
667 537 720 590 μή
746 556 782 579 τι
809 539 884 590 σὴν
910 539 1012 580 δάκω
1040 539 1181 593 φρένα,

295 601 452 656 δέδοιχ’,
480 604 504 644 ἃ
528 603 673 660 χρῄζω·
712 607 775 646 διὰ
801 607 923 648 πόθου
947 607 979 647 δ’
1004 606 1192 658 ἐλήλυθα.

196 671 269 709 Πο.
293 669 385 709 ἀλλ’
411 668 592 722 ἐξερώτα,
620 674 742 722 μηδὲν
771 674 900 715 ἐνδεὲς
924 674 1056 730 λίπῃς·
1465 678 1524 718 385

295 754 319 775 α
344 738 419 788 γὰρ
443 737 494 777 σὺ
518 738 663 794 βούλῃ,
691 739 797 779 ταῦτ’
825 741 923 790 ἐμοί,
950 757 1084 792 μητερ,
1113 742 1228 793 φίλα.

199 805 248 842 Ιο.
298 803 360 843 καὶ
385 801 431 853 δη
457 803 495 841 σ’
521 805 650 855 ἐρωτῶ
679 809 832 857 πρῶτον
857 807 911 847 ὧν
935 804 1067 863 χρηζω
1091 810 1239 887 τυχεῖν,

293 870 335 910 τί
355 869 400 909 τὸ
425 869 637 923 στέρεσθαι
665 873 870 925 πατρίδος;
909 890 933 923 η
959 872 1077 914 κακὸν
1102 873 1224 926 μέγα,·

195 938 269 976 Πο.
289 935 494 988 μέγιστον·
534 938 636 993 ἔργῳ
663 938 697 978 δ’
724 939 811 980 ἐστὶ
838 937 1015 990 μεῖζον
995 957 1019 990 η
1043 940 1167 995 λόγω.

196 1005 247 1042 Io.
295 1004 355 1045 τίς
380 1004 400 1043 ὁ
425 1004 569 1056 τρόπος
594 1005 731 1052 αὐτοῦ;
769 1007 810 1047 τί
835 1006 1012 1059 φυγάσιν
1036 1006 1082 1047 τὸ
1106 1006 1316 1061 δυσχερές;
1465 1021 1527 1052 390

194 1072 269 1110 Πο.
292 1069 333 1110 ἓν
359 1074 431 1121 μὲν
455 1071 661 1123 μέγιστον,
689 1071 758 1113 οὐκ
787 1073 872 1126 ἕχει
898 1074 1137 1126 παρρησίαν.

196 1139 247 1176 lo.
298 1137 440 1178 δούλου
464 1137 544 1178 τόδ’
570 1137 695 1185 εἶπας,
724 1139 777 1190 μὴ
803 1139 940 1192 λέγειν
965 1139 990 1180 ἅ
1014 1157 1072 1182 τις
1098 1144 1250 1193 φρονεῖ.

195 1205 271 1243 Uo.
296 1204 366 1245 τὰς
391 1208 469 1244 τῶν
497 1206 743 1256 κρατούντων
771 1207 939 1257 ἀμαθίας
965 1206 1102 1259 φέρειν
1127 1207 1271 1261 χρεών.

195 1273 247 1309 Io.
298 1271 361 1311 καὶ
386 1274 499 1311 τοῦτο
524 1273 687 1324 λυπρόν,
719 1277 968 1326 συνασοφεῖν
995 1277 1077 1316 τοῖς
1100 1273 1152 1324 μὴ
1179 1276 1336 1327 σοφοῖς.

194 1339 270 1377 Πο.
298 1336 390 1378 ἀλλ’
417 1339 457 1380 ἐς
482 1337 527 1378 τὸ
553 1337 688 1390 κέρδος
712 1341 819 1391 παρὰ
847 1340 972 1392 φύσιν
998 1339 1242 1381 δουλευτέον.
1465 1352 1526 1385 395

195 1406 247 1443 Io.
298 1405 337 1444 αἱ
362 1403 395 1444 δ’
419 1405 577 1447 ἐλπίδες
599 1406 802 1456 βόσκουσι
827 1406 1020 1459 φυγάδας,
1048 1407 1100 1449 ὡς
1122 1407 1258 1459 λόγος.

194 1473 269 1510 Πο.
298 1474 431 1512 καλοῖς
455 1471 689 1522 βλέπουσαί
710 1472 747 1525 γ’
775 1475 964 1524 ὄμμασιν,
992 1473 1189 1525 μέλλουσι
1214 1473 1269 1514 δέ.

194 1540 247 1577 Io.
296 1536 377 1578 οὐδ’
403 1538 423 1576 ὁ
447 1538 592 1591 χρόνος
617 1539 738 1581 αὐτὰς
765 1540 983 1592 διεσάφησ’
1010 1541 1132 1583 οὔσας
1158 1540 1292 1588 κενάς;

194 1607 268 1644 Πο.
296 1603 458 1657 ἔχουσιν
482 1604 723 1658 Ἀφροδίτην
749 1607 822 1647 τιν’
848 1607 982 1658 ἡδεῖαν
1010 1611 1150 1648 κακῶν.

195 1674 248 1710 Io.
299 1671 421 1712 πόθεν
446 1671 478 1712 δ’
505 1672 693 1723 ἐβόσκου,
721 1674 814 1727 πρὶν
840 1673 982 1727 γάμοις
1008 1676 1135 1726 εὑρεῖν
1159 1675 1273 1726 βίον;
1463 1687 1527 1718 400

193 1741 269 1778 Πο.
295 1740 389 1778 ποτὲ
413 1740 486 1789 μὲν
511 1739 571 1779 ἐπ’
597 1738 699 1793 ἦμαρ
727 1740 851 1793 εἶχον,
880 1740 949 1781 εἶτ’
975 1741 1042 1782 οὐκ
1071 1741 1181 1795 εἶχον
1206 1741 1267 1782 ἄν.

194 1808 246 1844 Io.
298 1806 409 1857 φίλοι
435 1807 476 1846 δὲ
502 1806 647 1858 πατρὸς
674 1807 735 1847 καὶ
762 1807 868 1858 ξένοι
897 1808 935 1846 σ’
963 1808 1032 1848 οὐκ
1059 1808 1263 1861 ὠφέλουν;

236 1900 300 1938 378
324 1902 427 1940 φυγᾶς
446 1902 520 1937 ἐιιᾶς
537 1900 567 1929 Α
581 1900 611 1930 V
626 1901 675 1931 L.
701 1912 786 1933 co1⁴.1⁴
806 1913 826 1932 v
843 1902 855 1932 Ι
961 1904 1026 1942 380
1050 1904 1147 1935 οὕτως
1166 1903 1199 1933 Μ
1218 1909 1250 1934 ct
1270 1902 1318 1933 M‘2
1336 1914 1342 1933 ε
1367 1901 1459 1934 οὗτος
1477 1901 1524 1932 Μ1

192 1944 255 1980 382
281 1943 360 1983 ἀτὰρ
377 1957 407 1974 τι
424 1943 523 1979 τάδε;
542 1946 592 1975 δεῖ
604 1944 667 1986 ’γὰρ
685 1945 794 1987 φερειν
814 1946 854 1978 τὰ
872 1949 929 1978 τοῦ
943 1949 1014 1978 θεοῦ
1032 1946 1057 1975 I
1071 1946 1097 1976 Ρ
1187 1947 1250 1986 383
1275 1947 1358 1978 ὅπως
1375 1946 1471 1976 codd.
1492 1950 1525 1976 et

193 1990 215 2019 Σ
359 1987 421 2025 384
439 1986 537 2017 πόνου
555 1987 581 2016 Β
597 2000 602 2018 1
630 1998 716 2020 corr.
735 1989 776 2018 Β““’
923 1990 987 2028 386
1011 1990 1102 2021 ταῦτ’
1122 1990 1192 2020 fere
1209 1990 1308 2020 codd.
1328 1989 1374 2030 (τ’
1391 1988 1460 2021 αὖτ’
1477 1988 1523 2027 Α)

192 2030 254 2067 387
279 2031 318 2061 τὸ
335 2033 458 2070 πρῶτον
477 2030 502 2059 L
516 2030 542 2060 Ρ
669 2032 798 2073 τυχεῖν]
816 2036 924 2071 μαθεῖν
944 2033 969 2062 F
1087 2034 1184 2072 388
1168 2048 1186 2072 η
1206 2033 1237 2063 Μ
1253 2033 1278 2063 P
1397 2042 1461 2071 390
1475 2032 1525 2065 τίς

193 2072 218 2104 δ’
237 2073 330 2104 Stob.
350 2074 381 2104 ss.
399 2083 450 2112 39.
473 2084 509 2112 17
624 2075 793 2116 δυσχερές]
811 2076 971 2116 δυστυχές
990 2076 1073 2106 Plut.
1093 2077 1134 2106 de
1152 2077 1230 2107 exil.
1251 2087 1281 2116 p.
1299 2077 1362 2115 605
1377 2075 1404 2106 E
1422 2080 1455 2106 et
1471 2088 1520 2117 γρ.

194 2116 225 2146 Μ
325 2126 389 2156 393
405 2118 463 2149 τὰς
477 2142 483 2148 .
505 2142 512 2149 .
535 2143 541 2148 .
560 2119 708 2159 ἀμαθίας]
727 2119 807 2157 τὴν.
829 2144 835 2149 .
855 2143 861 2149 .
880 2120 1013 2159 ἀμαθίαν
1032 2119 1229 2150 Plutarchus
1305 2118 1522 2161 κρατούντων]

191 2173 241 2201 γρ.
261 2164 402 2192 πολιτῶν
427 2165 450 2194 Σ
599 2172 662 2201 395
695 2163 771 2194 ἀλλ’
798 2162 844 2203 ἐς]
871 2164 947 2194 ὅπου
973 2163 1058 2194 Plut.
1086 2164 1233 2194 Demetr.
1265 2173 1301 2202 14
1327 2167 1360 2193 et
1385 2162 1523 2192 Lucian.

192 2204 287 2242 Apol.
303 2213 323 2242 3
339 2204 481 2234 sortasse
496 2210 587 2235 recte
650 2205 750 2259 παρὰ]
768 2208 835 2247 περὶ
856 2207 882 2236 L
971 2208 1036 2245 396
1060 2206 1237 2244 βόσκουσιν
1251 2209 1291 2239 ὡς
1304 2206 1403 2247 λόγος
1416 2206 1484 2246 ἔχει
1497 2205 1524 2235 Ρ

192 2257 252 2285 397
275 2248 457 2283 βλέπουσαί
474 2253 519 2282 Σε
543 2248 703 2286 βλέπουσί
719 2250 816 2281 codd.
833 2254 865 2280 et
882 2254 905 2283 Σ
923 2250 1007 2281 alter
1108 2260 1174 2289 399
1191 2254 1295 2283 κακῶν
1312 2251 1409 2280 codd.
1428 2254 1462 2280 et
1478 2253 1522 2282 Σ.

193 2290 261 2321 θεόν
283 2290 461 2321 Musurus:
496 2306 527 2322 ν)
532 2305 589 2323 σοι
611 2292 804 2331 Musgrave:
840 2293 949 2330 ἡδεῖαν
971 2294 1058 2325 ἀλλὰ
1080 2295 1247 2336 βλαβερὰν
1267 2293 1378 2324 reddit
1399 2297 1422 2327 Σ
1439 2292 1524 2323 alter

195 2343 249 2371 401
272 2334 325 2373 ἄν]
340 2334 378 2364 αὖ
394 2334 606 2364 Valckcnaer
