1658 2740
720 100 921 137 PHEOE

261 199 468 252 πύργοισιν
493 202 658 254 ἐχθρῶν·
699 202 1050 254 συγκατασκάψων
1076 203 1108 242 δ’
1135 205 1213 256 ἐγὼ

260 267 370 320 τείχη
397 266 554 319 πάρειμι
581 268 642 308 καὶ
668 271 766 308 νεῶν
790 267 953 320 πρήσων
979 269 1130 321 σκάφη.

165 335 231 372 Ex.
264 336 335 373 παῖ
357 335 425 383 τῆς
449 336 628 388 μελῳδοῦ
651 334 817 386 μητέρος
843 337 1019 375 Μουσῶν
1044 337 1134 385 μιᾶς

261 400 418 456 Θρῃκός
443 416 484 440 τε
510 403 687 450 ποταμοῦ
713 401 947 453 Στρυμόνος,
975 405 1082 453 φιλῶ
1107 400 1242 454 λέγειν

258 467 426 516 τάληθὲς
450 467 525 507 αιέὶ
552 467 620 507 κού
645 470 806 509 διπλοῦς
831 467 973 519 πέφυκ’
999 467 1109 521 ἀνήρ.
1419 483 1478 515 395

324 532 447 573 πάλαι
472 532 595 574 πάλαι
619 536 720 586 χρῆν
745 537 836 591 τῇδε
861 534 1101 587 συγκάμνειν
1123 535 1241 590 χθονὶ

259 600 439 645 ἐλθόντα,
467 600 529 640 καὶ
552 599 604 650 μὴ
631 600 744 641 τούπὶ
770 600 809 640 σ’
834 600 1025 654 Ἀργείων
1047 602 1125 643 ὕπο

256 667 403 717 Τροίαν
429 667 544 706 ἐᾶσαι
570 668 746 722 πολεμίῳ
774 671 913 709 πεσεῖν
937 669 1033 721 δορί.

257 731 301 771 οὐ
327 731 401 784 γάρ
425 749 463 773 τι
485 732 616 784 λέξεις
642 733 692 775 ὡς
716 733 887 784 ἄκλητος
913 734 966 775 ὢν
991 736 1126 788 φίλοις

256 797 324 837 οὐκ
350 797 469 849 ἦλθες
493 799 573 840 οὐδ’
598 799 745 850 ἤμυνας
769 800 848 841 οὐδ’
874 800 1142 854 ἐπεστράφης.
1415 817 1479 847 400

256 865 314 906 τίς
337 864 414 917 γάρ
439 883 487 906 σε
514 865 635 917 κῆρυξ
655 863 677 916 ἦ
703 868 892 919 γερουσία
917 871 1084 920 Φρυγῶν

258 931 420 972 ἐλθοῦσ’
446 932 605 982 ἀμύνειν
631 932 698 972 οὐκ
724 933 955 986 ἐπέσκηψεν
980 934 1114 980 πόλει,·

256 1001 372 1038 ποῖον
396 1000 438 1038 δὲ
462 998 595 1050 δώρων
621 1000 772 1050 κόσμον
797 999 865 1040 οὐκ
890 999 1144 1052 ἐπέμψαμεν;

256 1063 307 1103 σὺ
331 1062 364 1103 δ’
390 1064 553 1116 ἐγγενὴς
579 1064 631 1105 ὢν
655 1065 863 1117 βάρβαρός
887 1083 930 1107 τε
954 1066 1185 1118 βαρβάρους

249 1127 454 1180 ’Έλλησιν
478 1130 578 1181 ἡμᾶς
604 1131 789 1182 προύπιες
812 1132 859 1183 >τὸ
885 1132 958 1173 σὸν
982 1132 1112 1185 μέρος.
1409 1147 1477 1180 405

255 1196 380 1236 καίτοι
404 1213 451 1238 σε
475 1199 614 1249 μικρᾶς
639 1198 681 1237 ἐκ
705 1200 930 1249 τυραννίδος
953 1198 1080 1251 μέγαν

255 1265 425 1318 Θρῃκῶν
449 1262 598 1304 ἄνακτα
621 1263 703 1320 τῇδ’
729 1263 834 1314 ἔθηκ’
860 1265 938 1316 ἐγὼ
962 1266 1063 1318 χερί,

253 1328 309 1368 ὅτ’
335 1330 435 1381 ἀμφὶ
461 1329 667 1382 Πάγγαιόν
691 1347 733 1371 τε
758 1331 944 1372 Παιόνων
967 1347 1011 1372 τε
1033 1333 1108 1383 γῆν

254 1398 424 1451 Θρῃκῶν
449 1396 625 1447 ἀρίστοις
651 1397 834 1448 ἐμπεσὼν
860 1399 957 1438 κατὰ
983 1398 1113 1449 στόμα

255 1460 398 1513 ἔρρηξα
423 1461 584 1513 πέλτην,
613 1463 678 1503 σοὶ
703 1465 745 1504 δὲ
770 1464 975 1506 δουλώσας
999 1464 1104 1505 λεὼν
1415 1479 1478 1510 410

253 1527 472 1582 παρέσχον·
510 1529 564 1569 ὧν
590 1528 640 1569 σὺ
665 1531 859 1572 λακτίσας
885 1530 1041 1580 πολλὴν
1066 1530 1195 1585 χάριν,

255 1595 387 1646 φίλων
413 1595 636 1636 νοσούντων
660 1596 824 1647 ὕστερος
847 1600 1099 1648 βοηδρομεῖς.

254 1663 290 1701 οἱ
316 1660 348 1701 δ’
375 1661 488 1702 οὐδὲν
512 1661 604 1712 ἡμῖν
629 1663 671 1702 ἐν
696 1661 802 1713 γένει
827 1663 1058 1715 πεφυκότες,

255 1726 379 1768 πάλαι
404 1728 607 1779 παρόντες,
635 1728 672 1768 οἳ
696 1730 768 1778 μὲν
793 1730 836 1768 ἐν
859 1733 1033 1781 χωστοῖς
1058 1729 1201 1782 τάφοις

255 1797 401 1834 κεῖνται
426 1795 629 1840 πεσόντες,
657 1796 790 1836 πίστις
816 1796 860 1836 οὐ
885 1797 1029 1847 σμικρὰ
1055 1797 1183 1841 πόλει,
1412 1809 1475 1841 415

251 1861 287 1901 οἳ
312 1860 344 1900 δ’
370 1860 412 1901 ἕν
437 1861 471 1900 θ’
497 1861 662 1900 ὅπλοισι
687 1861 748 1901 καὶ
774 1861 864 1913 παρ’
890 1863 1060 1904 ἱππείοις
1084 1864 1191 1915 ὄχοις

253 1928 415 1980 ψυχρὰν
440 1926 560 1977 ἄησιν
585 1928 722 1979 δίψιόν
746 1944 789 1968 τε
813 1931 886 1979 πῦρ
910 1930 1000 1968 θεοῦ

194 2030 257 2059 392
275 2021 429 2061 πρήσσων
443 2021 468 2051 L
481 2021 526 2052 P:
544 2031 628 2052 corr.
641 2026 665 2061 p
754 2030 817 2060 393
836 2023 908 2052 παῖς
923 2020 949 2050 L
961 2020 1004 2050 P:
1024 2030 1108 2051 corr.
1128 2020 1168 2050 L2
1256 2030 1319 2059 394
1337 2019 1476 2062 Θρῃκός]

150 2065 222 2096 παῖς
240 2063 284 2094 L:
302 2074 387 2096 corr.
407 2064 446 2094 L2
544 2074 608 2104 395
634 2065 680 2095 ἀεὶ
698 2064 792 2094 codd.
892 2064 955 2101 396
979 2064 1156 2105 συγκάμειν
1172 2063 1203 2093 V
1296 2064 1359 2102 398
1379 2070 1476 2095 πολε-

150 2106 228 2146 μίων
246 2108 363 2138 codd.:
389 2117 471 2138 corr.
487 2108 597 2138 Bothe
686 2117 750 2147 399
774 2107 879 2147 φίλοις
898 2106 923 2136 L
936 2106 1003 2137 ΡΟ
1021 2118 1027 2137 :
1051 2107 1145 2146 φίλος
1158 2106 1188 2136 V
1276 2116 1340 2144 400
1364 2116 1429 2136 om.
1446 2106 1475 2136 O

150 2159 213 2187 403
237 2153 328 2182 ποῖον
351 2150 433 2181 LP:
463 2152 560 2182 ποίων
578 2150 650 2181 VO
798 2161 861 2189 404
887 2152 1018 2191 εὐγενὴς
1044 2150 1073 2180 O
1186 2149 1362 2191 βαρβάρους
1388 2149 1414 2179 L
1429 2149 1477 2180 P:

151 2193 314 2235 βαρβάρου
330 2193 360 2224 V
372 2194 401 2224 O
419 2205 426 2224 ε
449 2194 489 2225 ef.
509 2195 572 2233 833
698 2204 762 2233 409
787 2195 934 2235 ἀρίστους
950 2194 980 2225 V
992 2194 1022 2225 O
1116 2232 1118 2234 μ
1155 2204 1218 2232 412
1242 2195 1373 2235 ὕστερος
1391 2192 1476 2233 Ops

151 2237 286 2277 ὕστερον
300 2237 331 2267 V
343 2237 368 2267 L
381 2236 407 2267 P
496 2239 686 2278 βοηδρομεῖν
701 2237 740 2276 V,
759 2238 798 2268 cf.
817 2247 881 2276 333
1007 2247 1070 2276 413
1096 2240 1129 2269 ἐν
1144 2237 1232 2277 γένει
1249 2236 1456 2267 Valckenaer
1470 2247 1478 2266 τ

153 2281 297 2320 ἐγγενεῖς
313 2280 381 2311 VL
393 2280 438 2311 P:
465 2282 605 2322 εὐγενεῖς
623 2281 653 2311 O
823 2281 887 2319 416
912 2281 946 2312 ἔν
963 2282 988 2312 θ’
1006 2282 1133 2313 ὅπλοισι
1149 2281 1196 2311 V:
1225 2283 1259 2312 ἐν
1277 2281 1405 2313 ὅπλοισι
1424 2279 1454 2310 O
1469 2290 1474 2308 1

151 2323 254 2355 ἐνθάδ’
273 2324 383 2356 ὅπλοις
402 2324 427 2354 L
440 2323 466 2354 P
597 2334 658 2363 417
684 2324 735 2366 τε]
753 2338 807 2356 τες
825 2324 978 2364 primitus
995 2324 1025 2354 V
