1622 2740
615 81 963 120 ΕΥΡΙΠΙΔΟΥ

119 191 193 226 Ελ.
223 187 293 226 κάκ
317 189 430 227 τοῦδε
454 185 643 227 Μενέλαν
669 186 773 228 οὔτις
799 185 868 226 εἶδ’
895 183 1138 238 ἀφιγμένον,·

116 256 184 293 Τε.
217 252 354 294 οὐδείς·
392 253 521 293 θανὼν
547 255 589 293 δὲ
615 251 797 308 κλῄζεται
823 252 908 292 καθ’
933 250 1127 291 Ἑλλάδα.

118 323 191 359 Ελ.
220 319 503 370 ἀπωλόμεσθα·
546 320 721 361 Θεστιὰς
746 318 778 359 δ’
805 319 915 359 ἔστιν
943 318 1056 371 κόρη;

116 389 183 426 Τε.
214 385 348 435 Λήδαν
374 384 532 436 ἕλεξας,·
569 387 721 438 οἴχεται
748 388 923 426 θανοῦσα
948 384 1007 435 δή.

118 455 190 492 Ελ.
217 453 262 492 οὔ
287 453 363 493 πού
388 469 449 492 νιν
473 451 641 503 Ἑλένης
669 452 839 506 αἰσχρὸν
865 453 1017 492 ὤλεσεν
1043 449 1176 497 κλέος;
1387 463 1446 495 135

117 522 187 559 Τε.
221 519 360 571 φασίν,
388 520 526 573 βρόχῳ
555 518 592 570 γ’
620 519 788 571 ἅψασαν
815 518 952 571 εὐγενῆ
973 517 1101 570 δέρην.

119 589 191 626 Ελ.
219 587 255 626 οἱ
279 585 510 638 Τυνδάρειοι
537 585 568 625 δ’
595 587 697 626 εἰσὶν
726 582 748 636 ἢ
776 585 843 625 οὐκ
870 585 973 625 εἰσὶν
1001 585 1126 636 κόροι,·

117 655 184 692 Τε.
215 655 380 693 τεθνᾶσι
406 653 469 692 καὶ
495 651 540 692 οὐ
565 655 742 693 τεθνᾶσι·
772 652 839 692 δύο
865 651 897 692 δ’
924 650 1042 692 ἐστὸν
1066 651 1189 703 λόγω.

119 722 192 759 Ελ.
219 719 384 771 πότερος
410 720 430 758 ὁ
456 719 674 770 κρείσσων,·
713 716 742 758 ὦ
771 717 924 758 τάλαιν’
952 719 1029 770 ἐγὼ
1057 721 1194 758 κακῶν.

116 789 184 825 Τε.
215 784 378 837 ἄστροις
404 784 477 837 σφ’
504 784 741 836 ὁμοιωθέντε
766 784 865 837 φάσ’
895 784 996 825 εἶναι
1020 784 1107 824 θεώ.
1384 797 1450 828 140

119 855 190 892 Ελ.
220 856 347 893 καλῶς
373 851 512 903 ἔλεξας
535 855 661 892 τοῦτο·
689 850 854 903 θάτερον
881 853 922 892 δὲ
946 851 1001 898 τί,·

117 921 185 959 Τε.
218 922 398 971 σφαγαῖς
423 919 600 971 ἀδελφῆς
628 917 753 959 οὕνεκ’
781 919 995 959 ἐκπνεῦσαι
1019 917 1124 968 βίον.

219 985 309 1027 ἃλις
335 987 374 1026 δὲ
401 986 546 1036 μύθων·
584 985 628 1025 οὐ
654 988 775 1026 διπλᾶ
801 983 931 1041 χρῄζω
959 983 1128 1025 στένειν.

219 1053 272 1092 ὧν
296 1052 328 1092 δ’
353 1051 478 1093 οὕνεκ’
506 1051 629 1102 ἦλθον
654 1051 797 1092 τούσδε
823 1053 1058 1102 βασιλείους
1087 1051 1240 1102 δόμους,

218 1119 290 1169 τὴν
316 1118 538 1173 θεσπιῳδὸν
565 1119 744 1169 Θεονόην
769 1117 923 1174 χρῄζων
949 1120 1059 1163 ἰδεῖν,
1386 1129 1449 1161 145

221 1185 271 1225 σὺ
298 1185 557 1236 προξένησον,
587 1186 637 1226 ὡς
662 1186 767 1238 τύχω
793 1184 1073 1236 μαντευμάτων

220 1253 297 1308 ὅπῃ
323 1253 419 1293 νεὼς
446 1251 643 1302 στείλαιμ’
670 1251 718 1292 ἂν
743 1252 874 1303 οὔριον
900 1254 1044 1303 πτερὸν

221 1319 259 1359 ἐς
285 1321 359 1370 γῆν
386 1319 547 1359 ἐναλίαν
576 1318 747 1370 Κύπρον,
775 1318 818 1358 οὗ
843 1318 882 1369 μ’
908 1318 1124 1359 ἐθέσπισεν

220 1387 341 1426 οἰκεῖν
367 1385 594 1431 Ἀπόλλων,
623 1387 746 1436 ὄνομα
772 1385 1010 1435 νησιωτικὸν

221 1455 427 1503 Σαλαμῖνα
452 1451 616 1502 θέμενον
642 1454 711 1502 τῆς
738 1453 819 1492 ἐκεῖ
841 1451 958 1505 χάριν
989 1450 1151 1503 πάτρας.
1389 1465 1451 1495 150

120 1522 195 1558 Ελ.
224 1522 357 1565 πλοῦς,
386 1517 415 1558 ὦ
441 1518 533 1569 ξέν’,
562 1519 676 1560 αὐτὸς
702 1522 880 1569 σημανεῖ·
909 1519 959 1559 σὺ
985 1518 1016 1558 δ’
1045 1518 1218 1560 ἐκλιπὼν

221 1588 297 1637 γῆν
321 1584 438 1635 τήνδε
463 1589 587 1638 φεῦγε
612 1587 703 1637 πρίν
730 1603 778 1626 σε
803 1589 923 1626 παῖδα
952 1584 1147 1638 Πρωτέως

222 1653 329 1697 ἰδεῖν,
358 1651 399 1693 ὃς
424 1652 536 1705 ἄρχει
561 1655 683 1702 τῆσδε
707 1655 792 1704 γῆς·
820 1652 961 1693 ἄπεστι
989 1654 1031 1692 δὲ

222 1718 335 1759 κυσὶν
363 1719 558 1760 πεποιθὼς
584 1720 625 1759 ἐν
650 1722 792 1769 φοναῖς
820 1719 1083 1770 θηροκτόνοις·

224 1786 365 1825 κτείνει
387 1786 462 1838 γὰρ
480 1784 651 1836 ’Ἕλλην’
681 1785 799 1826 ὅντιν’
826 1785 874 1826 ἂν
898 1784 1008 1841 λάβῃ
1036 1784 1161 1836 ξένον.
1390 1799 1450 1829 155

224 1853 315 1891 ὅτου
340 1851 372 1891 δ’
399 1852 519 1897 ἕκατι,
546 1850 645 1902 μήτε
673 1852 722 1892 σὺ
750 1851 853 1902 ζήτει
876 1854 1016 1903 μαθεῖν

222 1918 297 1969 ἐγώ
324 1935 365 1958 τε
391 1922 505 1970 σιγῶ·
544 1919 584 1958 τί
606 1920 680 1971 γὰρ
707 1918 754 1959 ἂν
781 1919 982 1971 ὠφελοῖμί
1004 1935 1069 1965 σε,-

120 1987 188 2024 Τε.
219 1989 348 2025 καλῶς
374 1983 526 2035 ἔλεξας,
555 1982 584 2025 ὦ
610 1986 736 2037 γύναι·
775 1985 856 2025 θεοὶ
881 1984 922 2025 δέ
949 2002 1014 2025 σοι

222 2052 378 2091 ἐσθλῶν
405 2053 577 2103 ἀμοιβὰς
599 2053 952 2104 ἀντιδωρησαίατο.

169 2153 223 2182 131
253 2144 401 2177 Μενέλαν
419 2146 544 2184 Paley:
568 2144 726 2184 μενέλαον
745 2146 769 2175 L
781 2145 808 2176 P
859 2146 920 2178 κάκ
937 2147 993 2176 τοῦ
1011 2143 1180 2177 Μενέλεων
1197 2144 1450 2175 Radermacher

121 2187 177 2218 οἶδ’
204 2188 360 2219 Musurus
479 2199 538 2228 135
564 2191 600 2220 οὔ
614 2201 673 2220 που
692 2189 825 2219 Seidler
841 2194 884 2228 et,
904 2194 938 2219 ut
955 2189 1097 2227 videtur,
1118 2188 1272 2226 primitus
1290 2188 1316 2218 L
1334 2199 1340 2218 :
1365 2190 1448 2220 οὔπω

121 2240 209 2260 nunc
229 2231 274 2261 L:
299 2235 358 2264 ποῦ
376 2232 424 2262 P:
449 2231 468 2269 ἦ
485 2246 543 2264 που
561 2242 728 2270 suprascr.
747 2232 760 2261 l
871 2233 930 2270 138
954 2232 1043 2273 λόγω
1061 2231 1249 2263 Schaeser:
1273 2232 1366 2272 λόγοι
1386 2231 1449 2261 LP

124 2283 183 2312 142
210 2278 348 2316 σφαγαῖς
377 2275 464 2305 LP:
490 2277 587 2315 φασὶν
602 2275 641 2305 1³2
742 2285 801 2314 144
826 2276 1014 2313 βασιλικοὺς
1031 2275 1189 2305 Wunder
1286 2276 1346 2313 146
1371 2287 1446 2313 συμ-

121 2317 314 2358 προξένησον
339 2319 364 2348 L
381 2318 426 2348 P:
459 2329 541 2350 corr.
568 2318 694 2356 Jacobs
799 2320 889 2359 τύχω
914 2330 955 2349 cx
980 2322 1033 2351 ἴδω
1058 2319 1180 2349 sactum
1205 2319 1338 2349 videtur
1363 2318 1395 2348 in
1422 2317 1447 2347 L

124 2371 182 2400 157
209 2363 272 2402 ἐγὼ
290 2361 324 2394 δὲ
340 2362 365 2392 Ρ
477 2363 536 2400 158
560 2362 647 2403 Τευ.]
669 2364 918 2402 paragraphum
940 2363 962 2392 L
