1658 2740
677 119 897 156 BAKXAI

223 222 375 276 ἥσυχος
401 222 565 264 θάσσων
590 224 799 264 ἔλευσσον.
873 225 914 263 ἐν
940 225 981 263 δὲ
1009 227 1103 277 τῷοε
1131 227 1183 276 τῷ
1209 223 1336 276 χρόνῳ

226 288 423 339 ἀνετίναξ’
450 291 622 353 ἐλθὼυεὸ
650 290 804 342 Βάκχος
830 292 939 339 δῶμα
967 290 1028 328 καὶ
1054 288 1198 341 μητρὸς
1223 288 1336 343 τάφῳ

224 359 299 408 πῦρ
325 356 460 408 ἀνῆψ’·
500 355 520 396 ὃ
545 354 578 396 δ’
604 356 654 398 ὡς
680 358 821 402 ἐσεῖδε,
849 355 995 406 δώματ’
1022 357 1204 395 αἴθεσθαι
1231 359 1368 400 δοκῶν,
1414 403 1418 407 ,

221 420 316 478 ᾖσσ’
341 424 470 464 ἐκεῖσε
497 422 577 478 κᾷτ’
603 424 746 468 ἐκεῖσε,
765 422 926 475 ,δμωσὶν
954 422 1160 476 Ἀχελῷον
1188 421 1325 474 φέρειν
1388 426 1449 465 625

224 488 410 535 ἐννέπων,
438 489 539 531 ἅπας
564 489 598 529 δ’
624 491 667 530 ἐν
692 490 793 543 ἔργῳ
821 491 961 530 δοῦλος
986 488 1045 539 ἦν,
1074 487 1201 539 μάτην
1226 492 1368 528 πονῶν.

221 556 423 613 ,διαμεθεὶς
448 558 489 597 δὲ
514 557 626 597 τόνδε
650 557 818 609 μόχθον,
847 556 898 597 ὡς
922 557 1017 606 ἐμοῦ
1043 555 1302 607 πεφευγότος,

222 623 321 663 ἵεται
346 622 463 675 ξίφος
489 622 670 664 κελαινὸν
696 622 881 675 ἁρπάσας
906 623 1036 672 δόμων
1062 622 1154 662 ἔσω.

223 688 307 743 κᾷθ’
333 690 352 728 ὁ
380 688 569 741 Βρόμιος,
588 690 639 732 ὡς
665 689 801 742 ἔμοιγε
827 690 1025 741 φαίνεται,
1053 687 1172 739 δόξαν
1196 688 1315 741 λέγω,

188 775 191 779 ·
223 755 352 807 φάσμ’
389 757 577 807 ἐποίησεν
621 756 702 797 κατ’
746 755 884 806 αὐλήν·
937 755 957 795 ὃ
997 755 1039 796 δ’»
1069 756 1132 796 ἐπὶ
1173 755 1277 795 τοῦθ’
1321 755 1449 807 ὡρμη-

354 822 470 872 μένος
998 843 1007 852 ·
1387 826 1452 866 630

220 887 326 944 ᾖσσε
353 889 529 930 κάκέντει
557 888 731 942 φαεννὸν
759 886 936 941 (αἰθέρ’),
966 889 1016 930 ὡς
1043 888 1208 941 σφάζων
1235 888 1315 940 ἐμέ.

222 958 317 1007 πρὸς
343 958 384 997 δὲ
409 956 535 996 τοῖσδ’
562 956 664 1011 αὐτῷ
690 954 776 996 τάδ’
803 955 911 996 ἄλλα
937 955 1108 1009 Βάκχιος
1132 957 1376 1006 λυμαίνεται·

148 1051 158 1069 ,-
184 1054 187 1080 3
221 1021 365 1072 δώματ’
390 1021 552 1074 ἔρρηξεν
577 1023 741 1076 χαμᾶζε·
786 1021 1104 1078 συντεθράνωται
1127 1022 1158 1062 δ’
1184 1022 1288 1062 ἅπαν

180 1087 189 1137 ,ζ
220 1088 476 1140 πικροτάτους
502 1087 625 1129 ἰδόντι
650 1088 819 1139 δεσμοὺς
849 1088 940 1130 τοὺς
966 1088 1094 1139 ἐμούς·
1132 1086 1253 1129 κόπου
1279 1087 1311 1128 δ’
1337 1088 1412 1128 ὕπο

181 1143 188 1151 ”
220 1155 415 1213 ῥᾞμξθςζς
439 1154 557 1207 ξίφος
583 1158 777 1207 παρεῖται·
819 1154 916 1207 πρὸς
942 1154 1032 1195 θεὸν
1057 1157 1131 1207 γὰρ
1157 1154 1210 1196 ὢν
1235 1155 1334 1206 ἀνὴρ
1389 1159 1450 1198 635

219 1222 260 1263 ἐς
283 1221 416 1275 μάχην
441 1223 573 1263 ἐλθεῖν
600 1219 813 1273 ἐτόλμησε.
887 1221 1041 1274 ἥσυχος
1066 1221 1098 1261 δ’
1124 1223 1246 1273 ἐκβὰς
1272 1222 1350 1274 ἐγὼ

219 1287 410 1339 δωμάτων
434 1289 514 1339 ἥκω
543 1288 640 1341 πρὸς
664 1290 775 1340 ὑμᾶς,
806 1286 993 1330 Πενθέως
1017 1287 1061 1328 οὐ
1086 1289 1317 1341 φροντίσαςῤ

287 1355 338 1397 ὡς
364 1354 407 1396 δέ
430 1373 498 1407 μοι
522 1358 825 1409 δοκεῖ-ψοφεῖ
847 1359 944 1409 γοῦν
958 1355 1127 1419 &QZ-Qu
1158 1352 1287 1406 δόμων
1312 1354 1450 1395 ἔσω-
1494 1399 1497 1400 ⁷

220 1423 261 1464 ἐς
285 1422 476 1480 FRPQAE’
501 1422 628 1476 αὐτίχ’
657 1421 756 1473 ἥξει.
827 1423 868 1463 τί
890 1421 977 1462 ποτ’
1004 1421 1063 1475 ἄρ’
1090 1423 1132 1463 ἐκ
1156 1422 1303 1462 τούτων
1329 1424 1425 1473 ἐρεῖ;

172 1519 175 1521 >
219 1488 361 1542 ῥᾳδίως
386 1491 462 1542 γὰρ
486 1488 604 1530 αὐτὸν
634 1491 745 1535 οἴσω,
775 1487 846 1530 κᾶν
871 1488 1002 1530 πνέων
1028 1489 1125 1545 ἔλθῃ
1150 1488 1265 1541 μέγα.
1382 1492 1449 1532 640

218 1554 314 1607 πρὸς
340 1560 470 1608 σοφοῦ
494 1557 570 1608 γὰρ
594 1555 734 1609 ἀνδρὸς
763 1556 903 1596 ἀσκεῖν
929 1554 1108 1608 σώφρον’
1134 1556 1382 1607 εὐοργησίαν.

122 1657 192 1695 Πε.
221 1653 399 1695 πέπονθα
424 1653 544 1696 δεινά·
582 1654 823 1708 διαπέφευγέ
845 1654 883 1706 μ’
909 1656 929 1694 ὁ
954 1654 1078 1706 ξένος,

222 1720 264 1762 ὃς
288 1721 376 1774 ἄρτι
400 1724 560 1773 δεσμοῖς
585 1721 634 1772 ἦν
660 1721 1044 1774 κατηναγκασμένος.

220 1787 266 1828 ἔα
291 1788 349 1828 ἔα·

222 1853 279 1894 ὅδ’
307 1855 416 1895 ἐστὶν
442 1853 551 1907 ἀνήρ·
588 1856 630 1896 τί
650 1853 763 1902 τάδε,·
802 1858 884 1896 πῶς
908 1854 1130 1907 προνώπιος
1377 1859 1443 1899 643

223 1922 346 1977 φαίνῃ
371 1924 468 1974 πρὸς
492 1923 613 1964 οἴκοις
637 1926 720 1964 τοῖς
745 1923 867 1973 ἐμοῖς,
895 1920 969 1972 ἔξω
994 1921 1150 1972 βεβώς;

122 1991 188 2028 Δι.
222 1989 376 2038 στῆσον
400 1986 498 2035 πόδ’,
526 1990 623 2046 ὀργῇ
648 1988 680 2028 δ’
704 1986 848 2030 ὑπόθες
872 1988 1027 2041 ἥσυχον
1051 1986 1165 2028 πόδα.

164 2082 229 2110 622
246 2080 372 2112 θάσσων
384 2079 432 2111 P:
456 2083 577 2114 θᾶσσον
595 2082 621 2112 L
709 2083 772 2120 625
797 2083 886 2119 ἤϊσσ’
904 2082 931 2112 L
947 2093 953 2112 :
977 2083 1042 2120 5522?
1064 2081 1090 2111 Ρ
1178 2081 1242 2119 629
1267 2080 1402 2122 βρῶμιος
1420 2081 1446 2111 L

121 2124 187 2163 630
219 2123 319 2165 φάσμ’
349 2124 492 2162 Jacobs:
529 2128 594 2165 φῶς
620 2124 687 2155 LP
717 2125 743 2166 (⁴
753 2129 869 2156 recte:
909 2125 973 2164 leg.
1006 2127 1161 2157 κελαινῶν
1189 2123 1271 2154 628’
1296 2124 1444 2163 Verrall)

123 2167 254 2206 ἐποίησε
272 2166 300 2197 P
390 2168 450 2205 631
477 2167 616 2200 κᾶκέντα
630 2168 657 2198 Ρ
746 2167 840 2210 αἰθέρ’
854 2169 931 2200 add.
945 2169 1084 2199 Canter:
1105 2168 1145 2198 cf.
1163 2166 1242 2198 Hel.
1260 2168 1334 2206 584,
1348 2177 1449 2207 supra

121 2219 185 2251 293
298 2212 362 2250 632
385 2209 454 2242 τάδ’
473 2211 500 2242 Ρ
515 2222 522 2242 t
546 2213 587 2243 τὰ
599 2211 626 2243 δ’
641 2211 667 2242 L
755 2213 820 2250 635
845 2214 988 2253 παρεῖται
1008 2211 1034 2242 Ρ
1048 2224 1054 2242 :
1071 2222 1136 2242 om.
1153 2212 1179 2242 L
1264 2213 1329 2250 636
1354 2211 1447 2243 ἐτόλ-

121 2266 205 2294 μησε
223 2254 250 2284 L
378 2256 475 2291 ἐκβὰς
496 2255 559 2295 ἐγὼ
577 2254 743 2285 Heinisch
758 2266 765 2285 :
790 2257 826 2286 ἐκ
842 2255 969 2296 βάκχας
989 2256 1076 2296 ἄγων
1100 2255 1125 2285 L
1141 2254 1184 2287 P:
1221 2258 1256 2287 ἐκ
1273 2254 1447 2295 βακχάδων

124 2297 298 2328 Hermann
406 2298 471 2337 639
494 2297 540 2340 ἆρ’
560 2298 586 2328 L
599 2298 625 2328 P
727 2299 787 2337 641
814 2299 922 2330 ἀσκεῖν
941 2298 986 2330 L:
1012 2299 1102 2340 ἀρκεῖ
1116 2298 1142 2329 Ρ
1233 2298 1404 2340 εὐοργησία
1422 2297 1448 2326 L

121 2341 185 2380 645
210 2342 286 2383 ἀνήρ
313 2341 380 2371 LP
567 2344 629 2380 647
653 2341 752 2382 πόδα]
780 2341 820 2372 cf.
841 2341 948 2381 Soph.
978 2342 1010 2372 in
1040 2342 1128 2371 Berl.
1159 2342 1212 2373 Kl.
1243 2341 1331 2371 Text
1356 2351 1386 2372 v.
1416 2351 1446 2378 2,

122 2395 151 2424 p.
170 2386 223 2423 65,
242 2395 272 2434 y.
296 2394 333 2423 13
