1622 2740
618 416 1092 464 PRAEFATIO

253 539 362 581 CVM
395 540 506 580 hunc
539 545 718 588 tomum,
743 552 822 579 sex
855 539 1027 580 ultimas
1058 538 1226 580 fabulas
1258 539 1517 592 Euripideas

194 610 497 658 continentem,
531 609 684 649 eadem
721 621 806 661 qua
843 609 1006 662 priores
1043 609 1207 649 ratione
1242 608 1517 649 administra-

194 679 338 728 verim,
371 692 454 719 non
491 677 675 718 multum
709 678 762 718 de
793 683 886 718 toto
917 690 1071 730 genere
1103 678 1246 732 operis
1278 677 1362 718 mei
1395 690 1516 730 prae-

194 748 372 788 fandum
419 748 540 788 duco.
618 746 815 796 Codices,
860 753 1030 799 praeter
1073 760 1145 788 eos
1189 746 1261 799 qui
1309 746 1350 786 in
1393 746 1519 787 tomis

192 817 406 870 prioribus
445 816 674 857 memorati
711 822 823 863 sunt,
857 828 990 856 novos
1023 815 1164 856 nullos
1195 815 1308 863 adii3
1353 820 1520 855 veteres

194 886 337 926 denuo
388 885 556 937 inspexi
609 885 724 926 solos
767 884 1025 925 Parisienses
1071 884 1112 924 A
1156 892 1198 924 et
1246 884 1295 935 B,
1336 896 1519 937 quorum

198 955 402 996 lectiones
429 954 594 1005 aliquot
618 952 721 993 locis
745 953 887 993 adhuc
915 953 1104 993 incertae
1130 959 1264 993 erant.
1328 952 1461 993 Italos
1488 952 1522 992 si

198 1023 382 1063 licuisset
413 1027 615 1075 repetere,
647 1034 797 1061 manus
826 1021 1098 1062 correctrices
1128 1021 1286 1062 codicis
1309 1020 1347 1061 L
1371 1020 1523 1061 melius

197 1092 459 1144 distinguere
500 1096 679 1131 conatus
725 1103 876 1131 essem.
939 1089 1093 1130 Restat
1137 1096 1250 1130 certe
1291 1090 1374 1131 hoc
1415 1103 1523 1143 opus

197 1162 340 1202 adhuc
370 1173 455 1200 non
487 1159 752 1200 absolutum.

261 1230 308 1270 In
350 1244 392 1270 re
433 1228 766 1282 orthographica
814 1228 985 1269 duabus
1029 1228 1083 1269 de
1126 1227 1250 1268 rebus
1297 1222 1523 1268 consilium

201 1312 345 1339 meum
369 1299 588 1352 explicare
610 1298 790 1338 fortasse
811 1298 960 1338 debeo.
1018 1297 1166 1337 Verba
1187 1309 1298 1349 quae
1314 1310 1339 1337 a
1356 1296 1525 1349 syllaba

201 1368 240 1408 εὖ
262 1368 430 1408 initium
452 1367 613 1407 habent
641 1373 924 1419 augmentum
945 1366 1184 1420 temporale
1208 1365 1251 1405 in
1272 1365 1320 1416 ηὐ
1342 1365 1526 1406 formare

200 1437 285 1476 iam
309 1437 476 1490 pridem
509 1436 740 1476 Elmsleius
767 1436 924 1486 docuit,
946 1434 1303 1488 confirmavitque
1329 1433 1524 1488 lapidum

201 1512 242 1545 et
277 1519 540 1558 papyrorum
575 1504 971 1557 antiquissimarum
1007 1503 1254 1551 auctoritas,
1287 1515 1526 1556 repugnan-

201 1574 316 1614 tibus
338 1588 440 1615 sane
462 1573 715 1626 plerumque
733 1573 963 1614 codicibus.
1017 1572 1200 1614 Constat
1223 1572 1330 1613 haec
1353 1571 1500 1626 regula
1518 1585 1527 1621 ;

201 1643 276 1684 sed
299 1642 602 1696 exceptionem
626 1655 756 1682 unam
775 1642 1015 1683 faciendam
1038 1655 1129 1683 esse
1154 1642 1320 1693 monuit
1337 1641 1527 1681 Lauten·

201 1712 371 1753 sachius
403 1711 490 1763 qui,
522 1711 563 1751 in
595 1710 743 1751 libello
779 1710 1123 1751 Grammatz‘sclae
1157 1709 1342 1751 Studien
1372 1722 1426 1749 zu
1448 1708 1528 1748 den

206 1779 503 1821 Gricclczkclzen
532 1778 776 1832 Tragikern
804 1778 897 1819 und
924 1778 1171 1820 Komikern
1200 1779 1318 1819 dicto
1345 1785 1386 1819 et
1414 1791 1528 1818 anno

209 1847 313 1901 1899
363 1848 492 1895 edito,
540 1847 598 1887 sic
650 1847 818 1888 scribit:
872 1848 981 1888 ‘Die
1022 1862 1106 1888 von
1156 1848 1527 1887 Zusammensetz-

205 1930 346 1969 ungen
381 1916 458 1956 mit
491 1915 530 1955 εὖ
562 1916 849 1968 abgeleiteten
879 1916 1053 1956 Ver-ben
1085 1916 1249 1968 zeigen,
1279 1916 1336 1955 im
1369 1915 1528 1961 Unter-

204 1985 351 2026 schied
381 1997 465 2024 von
507 1984 590 2023 den
621 1983 796 2024 Verben
839 1984 918 2024 mit
959 1986 1059 2025 dem
1098 1984 1420 2025 Stammanlaut
1458 2000 1529 2030 ευ-,

205 2053 385 2094 niemals
415 2052 508 2092 eine
539 2051 776 2092 besondere
797 2050 1172 2106 Augmentation.'
1235 2052 1431 2092 Adducit
1460 2052 1531 2092 ille

206 2121 363 2163 formas
395 2121 435 2161 in
464 2120 678 2173 lapidibus
707 2120 901 2160 eiusdem
931 2121 1087 2161 aetatis
1110 2119 1329 2175 (320—300
1350 2135 1387 2162 a.
1412 2120 1530 2172 Chr.)

206 2191 424 2232 inventas:
473 2185 794 2245 ευεργεττ]κα[σι]
829 2189 964 2230 CIA
1004 2200 1066 2230 ΙΙ.
1107 2189 1200 2244 283.
1236 2201 1299 2239 10,
1334 2185 1529 2245 ευε[ργ]ε-

206 2256 365 2316 [τ]ηκεν
397 2268 490 2310 271.
521 2270 560 2307 4,
589 2257 640 2298 iv.
675 2268 714 2305 2,
747 2258 885 2309 574E
918 2271 953 2310 9,
986 2258 1062 2298 sed
1096 2260 1236 2308 ηυρεθη
1277 2269 1338 2299 ΙΙ.
1375 2268 1457 2308 720
1472 2257 1530 2316 A³

208 2340 271 2381 11.
307 2339 369 2377 24.
431 2327 609 2368 Addere
642 2326 778 2378 possis
814 2326 978 2376 ηὔθυνεν
1011 2327 1052 2366 in
1087 2340 1254 2380 papyro
1283 2326 1531 2367 Aristotelis

279 2412 361 2435 Eun.
382 2412 433 2434 111.
844 2407 883 2432 111
