1658 2740
644 111 991 149 ΕΥΡΙΠΙΔΟΥ

383 216 464 255 τοῖς
490 212 521 253 δ’
548 212 729 266 ἐξορμᾶν,
758 217 838 255 τοῖς
865 216 906 254 δὲ
932 214 1131 270 στέλξψν,

383 283 489 320 τοῖσι
513 282 555 321 δὲ
579 280 758 331 μέλλειν.
1187 301 1229 318 κ.

249 344 272 396 ἦ
297 347 555 400 πολύμοχθον
580 346 639 399 ἄρ’
664 346 714 399 ἦν
739 346 865 399 γένος,
892 345 916 398 ἧ
941 347 1198 401 πολύμοχθον
1394 363 1476 395 1330

384 415 569 467 ἁμερίων,
597 410 679 466 (τὸ)
704 415 833 467 χρεὼν
860 413 902 454 δέ
925 431 963 454 τι
990 415 1219 466 δύσποτμον

583 479 776 533 ἀνδράσιν
802 482 994 533 ἀνευρεῖν.

384 546 428 586 ἰὼ
456 544 514 592 ἰώ,

381 611 540 664 μεγάλα
564 612 705 660 πάθεα,
731 614 888 666 μεγάλα
914 613 946 654 δ’
973 614 1074 668 ἄχεα

318 679 534 722 Δαναΐδαις
559 683 716 720 τιθεῖσα
739 681 933 733 Τυνδαρὶς
958 682 1066 732 κόρα.
1368 710 1373 718 ·
1393 695 1473 727 1335

148 749 222 787 XO.
251 747 328 798 ἐγὼ
354 748 427 797 μὲν
451 747 608 798 οἰκτίρω
637 764 685 787 σε
712 750 922 800 συμφορᾶς
948 750 1067 798 κακῆς

248 815 461 867 τυχοῦσαν,
490 814 575 856 οἵας
599 812 741 865 μήποτ’
768 814 924 867 ὤφελες
949 818 1096 868 τυχεῖν.

150 921 213 969 Ιφ.
243 914 271 956 ὦ
296 920 467 957 τεκοῦσα
491 920 627 969 μῆτερ,
656 920 809 970 ἀνδρῶν
834 920 961 972 ὄχλον
988 919 1130 970 εἰσορῶ
1156 917 1295 961 πέλας.

150 987 222 1024 Κλ.
250 984 319 1024 τόν
344 1001 387 1025 τε
411 986 479 1034 τῆς
505 987 597 1026 θεᾶς
622 988 753 1031 παῖδα,
780 984 931 1031 τέκνον,
959 983 987 1039 ᾧ
1011 982 1099 1036 (σὺ)
1124 985 1225 1037 δεῦρ’
1252 985 1459 1036 ἐλήλυθας.

149 1054 212 1103 Ιφ.
241 1050 459 1104 διαχαλᾶτέ
482 1068 549 1102 μοι
573 1050 766 1104 μέλαθρα,
795 1054 933 1103 δμῶες,
962 1051 1012 1094 ὡς
1039 1051 1178 1104 κρύψω
1204 1051 1335 1103 δέμας.
1390 1067 1475 1098 1340

150 1121 222 1157 Κλ.
249 1119 291 1158 τί
312 1120 353 1158 δὲ
378 1117 530 1164 τέκνον,
550 1119 729 1171 φεύγεις,-

630 1188 697 1236 Ιφ.
758 1184 954 1239 Ἀχιλλέα
974 1184 1077 1225 τόνδ’
1099 1186 1194 1226 ἰδεῖν
1220 1185 1471 1240 αἰσχύνομαι.

147 1254 220 1291 Κλ.
250 1250 301 1293 ὡς
326 1254 366 1291 τί
389 1251 453 1302 δή;

468 1321 531 1370 Ιφ.
595 1322 638 1358 τὸ
665 1318 857 1372 δυστυχές
877 1335 942 1369 μοι
968 1322 1044 1359 τῶν
1069 1317 1206 1371 γάμων
1226 1320 1320 1359 αἰδῶ
1347 1317 1471 1372 φέρει.

148 1387 221 1424 Κλ.
249 1384 316 1424 οὐκ
342 1385 384 1425 ἐν
409 1385 604 1437 ἁβρότητι
631 1389 760 1425 κεῖσαι
785 1385 881 1438 πρὸς
906 1387 954 1426 τὰ
978 1388 1047 1426 νῦν
1072 1386 1316 1426 πεπτωκότα.

245 1452 351 1492 ἀλλὰ
375 1450 496 1502 μίμν’·
535 1451 579 1492 οὐ
607 1452 850 1503 σεμνότητος
876 1451 1003 1505 ἔργον,
1031 1448 1079 1502 ἣν
1103 1452 1294 1503 ὀνώμεθα.

146 1521 221 1571 Αχ.
249 1516 278 1558 ὦ
304 1517 418 1570 γύναι
442 1517 622 1565 τάλαινα,
646 1517 777 1569 Λήδας
803 1518 970 1571 θύγατερ
988 1550 996 1559 .
1017 1550 1024 1559 .
1044 1551 1052 1560 .

880 1588 952 1626 Κλ.
996 1584 1041 1625 οὐ
1055 1586 1184 1637 ψευδῆ
1203 1587 1344 1638 θροεῖς.
1389 1597 1470 1629 1345

146 1654 219 1704 Αχ.
248 1651 342 1693 δείν’
362 1652 406 1693 ἐν
433 1651 627 1704 Ἀργείοις
652 1653 798 1703 βοᾶται
816 1682 824 1692 .
845 1683 852 1692 .
872 1681 882 1692 .

827 1721 901 1759 Κλ.
946 1718 1034 1759 τίνα
1052 1716 1175 1769 βοήν,·
1204 1716 1373 1769 σήμαινέ
1388 1734 1466 1770 μοι.

146 1788 220 1839 Αχ.
248 1785 349 1838 ἀμφὶ
366 1787 440 1836 σῆς
456 1785 595 1827 παιδός
612 1816 620 1825 .
641 1818 648 1827 .
670 1817 677 1825 .

701 1854 774 1892 Κλ.
821 1851 993 1904 πονηρὸν
1011 1851 1123 1894 εἶπας
1139 1850 1281 1892 οἰωνὸν
1296 1851 1434 1904 λόγον.

190 1954 267 1984 1331
295 1946 332 1976 τὸ
348 1945 424 1976 add.
447 1944 624 1976 Hermann
805 1954 887 1984 1332
912 1945 1078 1987 ἀνδράσιν]
1099 1945 1241 1976 sortasse
1258 1943 1297 1982 ἧν
1313 1944 1470 1986 δράσασιν

150 1989 297 2028 ‘semper
315 1988 474 2019 miserum
492 1988 551 2019 suit
570 1993 645 2028 post
669 1988 792 2019 factum
817 1988 970 2019 invenire
989 1988 1021 2019 id
1040 1989 1129 2027 quod
1155 1988 1347 2019 faciendum
1371 1992 1445 2018 erat
1459 1989 1467 2005 '

144 2041 226 2071 1333
251 2037 306 2064 Χο.
331 2031 435 2071 praef.
467 2031 492 2061 L
506 2031 551 2061 P:
578 2032 644 2064 del.
663 2031 842 2062 Blomfield
1093 2033 1128 2064 ἰὼ
1153 2033 1188 2064 ἰὼ
1206 2030 1247 2062 L2
1262 2030 1302 2061 1³2
1319 2043 1325 2062 :
1350 2032 1385 2063 ἰὼ
1403 2031 1429 2061 L
1443 2030 1470 2061 P

144 2085 225 2114 1335
250 2078 315 2107 τοῖς
340 2075 499 2107 δαναΐδαις
518 2074 559 2105 L²
572 2074 612 2105 Ρ2
705 2076 787 2113 1336
809 2078 907 2113 κακῆς
927 2075 971 2106 L:
997 2078 1100 2107 κακῶν
1117 2074 1144 2105 Ρ
1249 2084 1330 2114 1339
1357 2074 1411 2115 τε]
1427 2087 1469 2116 γε

142 2117 267 2149 Reiske
439 2121 545 2157 παῖδα,
563 2117 679 2151 τέκνον
700 2118 816 2149 Heath
835 2123 869 2148 et
887 2123 972 2149 teste
988 2118 1127 2149 Vitellio
1148 2118 1289 2149 fortasse
1312 2118 1338 2148 L
1361 2118 1468 2157 <vu-ane*

139 2161 288 2202 τέκνον);
315 2161 456 2202 ἇχιλλέα
479 2162 594 2194 τέκνον
617 2161 643 2192 Ρ
659 2166 692 2192 et
711 2166 797 2192 teste
825 2161 957 2192 Prinzio
981 2162 1027 2193 L:
1052 2161 1194 2202 ἆχιλλέα
1219 2160 1333 2193 τέκνον
1353 2160 1387 2202 ’γ’
1407 2160 1465 2194 P²:

138 2204 222 2236 παῖδ’
235 2204 257 2236 ὦ
268 2206 383 2237 τέκνον
394 2204 425 2246 γ’
438 2205 451 2234 l
507 2204 530 2246 ᾧ
540 2205 610 2246 (σὺ)
621 2204 701 2245 δεῦρ’
715 2206 872 2244 ἐλήλυθας
885 2205 1076 2237 Hermann:
1098 2203 1121 2246 ᾧ
1134 2204 1215 2246 δεῦρ’
1227 2207 1342 2242 ἤλυθες
1351 2203 1466 2235 Vitelli

142 2257 219 2286 1341
241 2247 367 2288 τέκνον,
387 2248 517 2289 φεύγεις
536 2249 670 2280 Heath:
697 2248 826 2290 φεύγεις
842 2247 956 2280 τέκνον
974 2249 1000 2278 L
1013 2248 1039 2278 P
1152 2247 1239 2280 τόνδ’
1258 2247 1440 2286 Musgrave
1457 2259 1463 2278 :

137 2292 194 2322 τὸν
211 2290 237 2321 L
252 2291 278 2320 Ρ
391 2301 473 2332 1343
498 2294 553 2324 νῦν
569 2291 778 2334 πεπραγμένα
794 2292 860 2331 (vel
877 2291 1064 2334 πράγματα)
1077 2296 1102 2331 p
1218 2300 1299 2330 1344
1325 2291 1465 2330 ὀνώμεθα

138 2333 338 2367 Wecklein:
365 2336 525 2374 δυνώμεθα
542 2335 568 2365 L
584 2335 610 2365 P
744 2335 933 2374 1345—1348
962 2341 1022 2376 Αχ.
1046 2333 1295 2366 Brubachiana:
1321 2339 1377 2366 Χο.
1400 2333 1464 2363 LP

141 2377 223 2414 1346
249 2378 296 2408 τίς
315 2379 398 2415 307‘71·
424 2378 638 2407 Herwerden
775 2388 855 2418 1347
879 2381 1023 2415 πονηρῶν
1041 2377 1158 2408 Nauck
