1658 2740
642 137 969 175 ΦΟΙΝΙΣΣΑΙ

311 243 458 292 νεκρῶν
484 242 526 281 δὲ
553 243 675 281 τῶνδε
699 240 768 281 τὸν
795 241 867 290 μὲν
892 241 932 280 ἐς
959 240 1100 290 δόμους
1126 240 1255 293 χρεὼν

242 306 313 357 ἤδη
342 307 526 357 κομίζειν,
553 307 667 347 τόνδε
692 305 741 352 δ’,
767 305 810 348 ὃς
835 305 995 357 πέρσων
1020 306 1138 346 πόλιν

242 374 409 424 πατρίδα
436 373 509 414 σὺν
535 373 675 415 ἄλλοις
702 371 813 423 ἦλθε,
842 373 1109 413 Πολυνείκους
1133 371 1248 412 νέκυν

243 437 431 491 ἐκβάλετ’
457 439 637 480 ἄθαπτον
661 438 776 490 τῆσδ’
800 439 902 491 ὅρων
928 436 1003 488 ἔξω
1028 439 1184 491 χθονός.
1388 443 1470 483 ¹630

244 504 452 559 κηρύξεται
480 508 522 547 δὲ
549 509 647 547 πᾶσι
675 506 886 557 Καδμείοις
910 503 1016 546 τάδε·

240 571 289 616 ὃς
314 571 370 614 ἂν
394 572 562 625 νεκρὸν
586 571 712 614 τόνδ’
737 569 761 622 ἢ
789 571 1104 624 καταστέφων
1129 573 1224 625 ἁλῷ

241 636 264 689 ἢ
291 645 348 697 γῇ
375 639 648 686 καλύπτων,
675 636 880 680 θάνατον
905 636 1270 688 ἀνταλλάξεται.

241 703 325 758 [ἐᾶν
352 705 385 747 δ’
411 705 620 752 ἄκλαυτον,
648 705 817 759 ἄταφον,
845 707 997 747 οἰωνοῖς
1021 702 1180 757 βοράν.]

242 772 292 813 σὺ
321 772 354 814 δ’
378 774 600 814 ἐκλιποῦσα
625 773 862 826 τριπτύχους
888 771 1052 825 θρήνους
1077 775 1224 823 νεκρῶν
1391 776 1471 816 1635

245 839 378 891 κόμιζε
404 838 568 890 σαυτήν,
596 839 820 892 Ἀντιγόνη,
847 839 977 890 δόμων
1003 838 1082 879 ἔσω

246 906 308 946 καὶ
334 906 576 959 παρθενεύου
601 905 673 957 τὴν
699 907 839 947 ἰοῦσαν
863 905 1011 958 ἡμέραν

243 971 419 1022 μένουσ’,
448 974 489 1013 ἐν
513 971 537 1029 ᾗ
560 990 609 1014 σε
634 972 801 1024 λέκτρον
826 973 997 1024 Αἵμονος
1020 971 1140 1023 μένει.

141 1041 210 1079 Αν.
242 1036 272 1079 ὦ
297 1038 431 1091 πάτερ,
460 1040 503 1079 ἐν
527 1040 624 1081 οἵοις
651 1038 796 1090 κείμεθ’
821 1038 951 1079 ἄθλιοι
976 1043 1122 1081 κακοῖς.

245 1105 296 1147 ὥς
322 1122 370 1146 σε
396 1105 573 1156 στενάζω
600 1109 678 1146 τῶν
702 1106 949 1155 τεθνηκότων
973 1104 1110 1146 πλέον·
1392 1110 1473 1150 1640

243 1171 288 1212 οὐ
313 1173 388 1224 γὰρ
412 1170 457 1212 τὸ
480 1171 554 1223 μέν
579 1188 648 1212 σοι
673 1171 778 1224 βαρὺ
803 1175 943 1218 κακῶν,
970 1171 1015 1212 τὸ
1040 1171 1073 1212 δ’
1099 1172 1143 1212 οὐ
1168 1172 1285 1224 βαρύ,

244 1237 336 1279 ἀλλ’
363 1239 417 1280 εἰς
442 1238 598 1279 ἅπαντα
624 1238 822 1292 δυστυχὴς
847 1239 957 1291 ἔφυς,
983 1237 1119 1290 πάτερ.

308 1306 407 1358 ἀτὰρ
433 1304 473 1345 σ’
498 1306 629 1358 ἐρωτῶ
655 1304 725 1346 τὸν
750 1305 894 1346 νεωστὶ
919 1306 1114 1358 κοίρανον·

241 1372 281 1412 τί
304 1371 410 1413 τόνδ’
435 1372 609 1424 ὑβρίζεις
635 1370 771 1423 πατέρ’
798 1371 1062 1413 ἀποστέλλων
1086 1372 1251 1425 χθονός;

242 1438 284 1479 τί
305 1440 558 1490 θεσμοποιεῖς
586 1439 650 1480 ἐπὶ
675 1439 914 1494 ταλαιπώρῳ
939 1442 1082 1494 νεκρῷ,·
1378 1443 1469 1484 >1645

143 1506 210 1556 Κρ.
240 1503 496 1548 Ἐτεοκλέους
521 1504 780 1556 βουλεύματ’,
808 1504 880 1559 οὐχ
904 1505 1026 1557 ἡμῶν,
1053 1504 1159 1546 τάδε.

141 1573 211 1612 Αν.
241 1571 396 1624 ἄφρονά
421 1589 480 1625 γε,
509 1572 570 1613 καὶ
597 1572 647 1612 σὺ
673 1575 802 1625 μῶρος
827 1571 869 1614 ὃς
894 1573 1030 1613 ἐπίθου
1054 1571 1158 1612 τάδε.

141 1639 210 1689 Κρ.
239 1641 340 1685 πῶς;
377 1638 658 1690 τάντεταλμέν’
684 1638 728 1679 οὐ
754 1639 902 1680 δίκαιον
927 1640 1128 1685 ἐκπονεῖν;

141 1707 210 1744 Αν.
240 1704 321 1752 οὔκ,
347 1701 395 1754 ἢν
420 1705 572 1758 πονηρά
596 1705 634 1758 γ’
657 1704 683 1762 ᾗ
709 1709 834 1747 κακῶς
858 1705 891 1746 τ’
918 1705 1111 1757 εἰρημένα.

188 1797 269 1835 1627
295 1798 394 1836 νεκρὼ
411 1797 447 1829 δὲ
463 1800 543 1830 τώδε
563 1797 715 1837 Elmsley
733 1798 868 1840 (νεκρῶν
884 1799 923 1838 Σ)
1023 1797 1057 1830 δὲ
1075 1808 1139 1828 om.
1164 1798 1189 1828 L
1292 1798 1373 1828 1628
1391 1797 1465 1837 ᾔδη’]

141 1843 244 1878 δμῶας
260 1853 311 1881 γρ.
331 1841 363 1871 Μ
382 1854 434 1882 γρ.
452 1851 473 1872 v
587 1842 669 1880 1629
692 1842 887 1879 πολυνείκην
903 1841 1007 1882 χθόνα
1022 1841 1052 1871 V
1069 1846 1103 1872 et
1120 1854 1172 1874 ους
1189 1840 1282 1873 νέκυν
1301 1842 1333 1870 in
1353 1851 1468 1871 rasura

144 1883 168 1913 P
185 1894 192 1913 ε
217 1896 289 1916 κους
306 1889 339 1913 et
355 1897 406 1923 Ὑρ.
428 1883 520 1916 νέκυν
538 1895 557 1915 v
693 1886 775 1924 1630
800 1885 976 1921 ἐκβάλλετ’
997 1885 1021 1914 L
1035 1884 1061 1914 P
1197 1886 1275 1923 1631
1303 1884 1467 1925 κηρύξεται

143 1927 174 1956 M
189 1926 231 1957 Β2
256 1931 289 1957 et
314 1931 337 1960 Σ
351 1927 382 1957 Μ
397 1938 404 1958 :
431 1927 581 1967 κηρύξετε
598 1927 670 1957 AV
686 1927 718 1957 l:
742 1928 896 1969 κηρύξατε
915 1928 942 1958 Β
959 1928 985 1958 L
997 1928 1023 1958 P
1202 1929 1283 1966 1632
1307 1930 1424 1968 νεκρῶν
1443 1927 1468 1956 L

144 1972 226 2009 1634
250 1970 290 2001 cf.
305 1970 410 2009 Soph.
425 1970 506 2001 Ant.
521 1981 562 2010 29
579 1982 585 2000 :
609 1971 675 2003 del.
687 1970 900 2002 Valckenaer
993 1972 1154 2003 ἄκλαυτον
1170 1970 1195 2000 L
1208 1970 1235 2000 B
1254 1982 1260 2000 :
1285 1971 1468 2002 ἄκλαυστον

142 2014 212 2045 rell.
358 2015 501 2046 ἄθαπτον
516 2013 546 2043 Α
558 2014 585 2044 Ρ
735 2016 816 2054 1635
841 2014 1026 2056 τριπτύχων
1044 2017 1162 2055 νεκρῶν
1177 2014 1273 2054 ’γόους
1289 2027 1340 2054 γρ.
1363 2013 1394 2043 Μ
1413 2026 1464 2055 γρ.

143 2057 171 2087 Β
315 2056 461 2098 θρήνους]
481 2057 599 2090 τύπους
618 2057 649 2087 Α
786 2059 866 2097 1637
892 2060 1001 2090 ἰοῦσαν
1018 2058 1162 2088 lrasura
1181 2057 1269 2087 facta
1286 2068 1293 2087 :
1319 2059 1468 2088 ἐπιοῦσαν

141 2100 169 2131 Β
183 2099 230 2130 P:
256 2101 419 2132 εἰσιοῦσαν
444 2099 560 2131 MAV
578 2112 585 2131 :
609 2102 670 2139 τὴν
692 2102 762 2141 ἑξῆς
783 2100 903 2142 ἡμέραν
919 2105 943 2135 Σ
1079 2102 1161 2140 1638
1186 2101 1277 2140 μένεῖ
1297 2099 1324 2130 Β
1342 2100 1367 2130 Ρ
1388 2100 1465 2139 (sic)

145 2145 228 2183 1639
252 2144 355 2176 ἄθλιοι
385 2143 538 2174 Barnes:
572 2145 692 2176 ἀθλίοις
717 2144 836 2176 codd.:
871 2145 994 2177 ἀθέτοις
1020 2144 1051 2174 H
1266 2145 1343 2182 1641
1370 2144 1467 2175 κακὸν

141 2188 296 2227 primitus
315 2186 342 2217 B
479 2188 561 2226 1643
587 2189 684 2229 αὐτὰρ
703 2187 735 2218 Μ
870 2189 1015 2229 κοίρανον
1034 2187 1104 2218 ΑΒ
1117 2187 1143 2218 Ρ
1160 2192 1194 2218 et
1214 2200 1282 2229 κοιρ
1299 2188 1332 2217 in
1351 2197 1467 2218 rasura

140 2231 267 2270 scripto
285 2229 297 2260 l
313 2241 320 2260 Ξ
337 2230 501 2272 κοίραννον
519 2230 550 2260 Μ
569 2242 576 2261 t
592 2231 744 2273 κύραννον
760 2231 791 2261 V
806 2242 813 2262 τ
828 2231 982 2273 τύραννον
1000 2230 1032 2261 Η
1170 2232 1250 2270 1647
1275 2232 1375 2273 μωρὸς
1392 2230 1423 2259 Μ
1438 2230 1468 2259 V

142 2274 247 2306 ἐπίθου
265 2273 295 2304 V
310 2274 336 2304 L
355 2285 362 2304 :
387 2275 509 2306 ἐπείθου
548 2274 619 2305 rell.
747 2275 830 2314 1648
849 2277 890 2307 τὰ
906 2274 1079 2313 τεταλμέν’
1097 2273 1146 2305 P:
1171 2284 1256 2306 corr.
1270 2280 1296 2315 p
1415 2273 1466 2314 οὐ]

140 2318 214 2357 οὐχὶ
233 2317 260 2348 L
350 2319 497 2350 ἐκτελεῖν
517 2317 544 2348 Ρ
665 2319 749 2357 1649
771 2323 825 2350 Αν.
846 2328 911 2350 om.
930 2317 974 2349 V:
989 2318 1065 2349 add.
1083 2329 1103 2349 v
1205 2320 1251 2350 οὔ.
1290 2319 1330 2357 ἢν
1345 2316 1468 2359 πόνηρά

139 2359 218 2402 7'L
