1658 2740
355 119 679 156 ΙΦΙΓΕΝΕΙΑ
738 120 771 156 H
825 119 902 157 EN
954 119 1165 156 ΑΥΛΙΔΙ

196 222 263 261 τὸν
288 220 454 271 Ἑλένης
479 222 688 264 τείσαντας
713 224 890 273 ὄλεθρον,
910 220 959 270 ἣν
986 218 1249 273 <ἀν>ήρπασεν
1278 221 1412 272 Πάρις.

196 291 316 328 ταῦτα
342 287 471 329 πάντα
496 291 744 329 κατθανοῦσα
767 288 950 340 ῥύσομαι,
980 289 1046 327 καί
1067 303 1141 338 μου
1168 287 1295 332 κλέος,

193 353 360 394 Ἑλλάδ’
386 354 436 396 ὡς
460 353 729 407 ἠλευθέρωσα,
754 352 947 405 μακάριον
972 352 1198 405 γενήσεται.

197 420 259 460 καὶ
283 422 359 473 γὰρ
384 419 473 460 οὐδέ
496 422 561 461 τοί
580 436 618 460 τι
641 420 734 460 λίαν
759 421 827 471 ἐμὲ
853 422 1103 473 φιλοψυχεῖν
1129 419 1272 473 χρεών·
1337 426 1418 463 13⁵5

195 489 296 526 πᾶσι
320 486 394 538 γάρ
416 486 457 538 μ’
474 485 657 537 ’Ἕλλησι
682 486 814 526 κοινὸν
839 486 982 532 ἔτεκες,
1011 485 1102 539 οὐχὶ
1129 485 1195 525 σοὶ
1219 486 1333 541 μόνῃ.

199 553 307 593 ἀλλὰ
329 553 458 605 μυρίοι
481 554 554 604 μὲν
578 552 716 605 ἄνδρες
743 553 914 593 ἀσπίσιν
939 551 1229 604 πεφραγμένοι,

195 620 324 671 μυρίοι
348 619 381 659 δ’
408 618 536 671 ἐρέτμ’
561 619 735 672 ἔχοντες,
763 619 950 670 πατρίδος
974 617 1225 669 ἠδικημένης,

199 687 294 737 δρᾶν
318 702 354 726 τι
380 684 654 736 τολμήσουσιν
679 685 844 738 ἐχθροὺς
871 686 998 739 χὺπὲρ
1023 684 1222 727 Ἑλλάδος
1249 687 1395 732 θανεῖν,

193 751 217 801 ἡ
243 751 275 792 δ’
301 751 372 803 ἐμὴ
398 751 510 805 ψυχὴ
535 751 593 802 μί’
620 751 721 792 οὖσα
745 751 875 793 πάντα
902 751 1076 792 κωλύσει
1100 750 1212 799 τάδε,·
1339 766 1420 798 1390

194 818 238 858 τί
256 817 301 858 τὸ
327 817 477 858 δίκαιον
501 818 617 859 τοῦτό
640 834 706 870 γε;
744 817 805 870 ἆρ’
831 817 960 872 ἔχοιμ’
986 817 1035 859 ἂν
1060 819 1259 859 ἀντειπεῖν
1283 818 1396 866 ἔπος,·
1445 845 1448 851 ‚

264 884 352 925 κάπ’
377 883 492 925 ἐκεῖν’
517 884 707 935 ἔλθωμεν·
746 884 791 925 οὐ
816 887 878 926 δεῖ
901 885 1014 926 τόνδε
1039 885 1103 925 διὰ
1127 883 1257 938 μάχης
1281 886 1429 936 μολεῖν

195 952 318 992 πᾶσιν
343 950 538 1003 Ἀργείοις
562 950 745 1003 γυναικὸς
771 950 887 992 εἵνεκ’
914 951 1002 992 οὐδὲ
1030 953 1250 992 κατθανεῖν.

196 1018 251 1059 εἷς
275 1016 311 1069 γ’
337 1016 433 1068 ἀνὴρ
460 1018 658 1068 κρείσσων
682 1020 877 1069 γυναικῶν
903 1017 1049 1069 μυρίων
1077 1018 1171 1069 ὁρᾶν
1196 1016 1312 1069 φάος.

194 1084 229 1123 εἰ
252 1084 502 1134 βεβούληται
528 1085 570 1124 δὲ
596 1087 713 1134 σῶμα
737 1083 884 1134 τούμὸν
902 1083 1092 1136 ’Ἄρτεμις
1115 1087 1273 1135 λαβεῖν,
1336 1097 1418 1129 1395

195 1150 376 1200 ἐμποδὼν
400 1147 619 1201 γενήσομαι
644 1148 713 1201 ’γὼ
740 1148 884 1199 θνητὸς
909 1149 1011 1189 οὖσα
1035 1155 1084 1206 τῇ
1108 1151 1203 1203 θεῷ,·

197 1214 289 1256 ἀλλ’
313 1213 532 1268 ἀμήχανον·
569 1215 707 1266 δίδωμι
735 1218 852 1266 σῶμα
876 1214 1021 1266 τούμὸν
1045 1214 1227 1257 Ἑλλάδι.

195 1280 310 1328 Θύετ’,
337 1282 565 1333 ἐκπορθεῖτε
589 1282 750 1333 Τροίαν.
824 1285 947 1322 ταῦτα
972 1282 1048 1334 γὰρ
1071 1281 1242 1332 μνημεῖά
1265 1298 1340 1333 μου

195 1349 258 1388 διὰ
280 1350 441 1400 μακροῦ,
469 1347 530 1388 καὶ
554 1350 691 1390 παῖδες
715 1347 825 1388 οὗτοι
849 1348 914 1388 καὶ
939 1346 1060 1400 γάμοι
1085 1349 1148 1388 καὶ
1172 1347 1256 1398 δόξ’
1281 1347 1365 1400 ε’μή.

192 1412 413 1467 βαρβάρων
453 1412 485 1454 δ’
516 1412 725 1466 ’Έλληνας
769 1413 908 1468 ἄρχειν
953 1415 1068 1462 εἰκός,
1103 1413 1195 1455 ἀλλ’
1235 1415 1279 1455 οὐ
1317 1419 1417 1467 βαρ-

424 1479 586 1532 βάρους,
1333 1495 1420 1526 1400

192 1549 327 1599 μῆτερ,
352 1545 575 1597 Ἑλλήνων·
612 1546 657 1587 τὸ
680 1563 753 1598 μεν
779 1564 855 1600 γαρ
881 1550 1035 1594 δοῦλον,
1062 1547 1098 1588 οἳ
1122 1546 1156 1588 δ’
1183 1547 1393 1600 ἐλεύθεροι.

93 1616 165 1655 Χο.
325 1613 370 1653 τὸ
393 1615 466 1664 μὲν
492 1613 578 1659 σόν,
606 1611 636 1653 ὼ
664 1616 784 1660 νεᾶνι,
812 1614 1004 1666 γενναίως
1028 1614 1126 1666 ἔχει·

326 1679 370 1720 τὸ
395 1681 464 1730 τῆς
487 1679 609 1732 τύχης
636 1681 678 1720 δὲ
706 1680 769 1720 καὶ
793 1679 839 1720 τὸ
862 1682 932 1731 τῆς
957 1682 1046 1720 θεοῦ
1070 1683 1195 1721 νοσεῖ.

93 1749 168 1800 Αχ.
330 1745 624 1798 Ἀγαμέμνονος
652 1749 735 1792 παῖ,
763 1744 952 1799 μακάριόν
976 1745 1025 1797 με’
1049 1763 1107 1788 τις
1132 1748 1231 1787 θεῶν

328 1811 473 1864 ἔμελλε
499 1812 654 1864 θήσειν,
681 1814 715 1854 εἷ
740 1812 900 1866 τύχοιμι
925 1816 1008 1853 σῶν
1031 1812 1179 1865 γάμων.
1335 1825 1417 1856 1405

139 1905 220 1943 1382
238 1904 302 1935 del.
324 1904 429 1935 Monk
536 1905 608 1943 ἢν
595 1905 777 1947 ανήρπασεν
793 1904 921 1942 Vitelli,
943 1904 982 1935 cf.
1005 1903 1083 1936 Hel.
1107 1914 1160 1943 50,
1179 1914 1281 1944 supra
1299 1913 1362 1943 75:
1379 1904 1419 1942 ἣν

94 1948 220 1985 (ἥντιν’
237 1946 315 1988 lP2)
335 1947 478 1988 ἥρπασεν
496 1947 522 1978 L
537 1948 564 1978 P
673 1949 755 1987 1385
781 1948 833 1980 τοί
849 1961 880 1979 τι
895 1947 1065 1987 Elmsley:
1082 1960 1131 1979 τοι
1144 1947 1170 1977 L
1186 1947 1212 1977 P
1299 1948 1374 1979 λίαν
1385 1947 1417 1987 ’γ’

94 1990 134 2021 P²
147 1990 199 2020 vel
212 1995 237 2030 p
350 1991 433 2029 1386
457 1992 566 2029 κοινὴν
584 1991 735 2030 Elmsley
856 1992 938 2030 1389
964 1990 1165 2030 τολμήσουσ’
1183 1990 1334 2030 primitus
1350 1990 1377 2020 L
1392 1990 1419 2020 P

94 2034 173 2065 καὶ
161 2033 237 2075 υπὲρ
254 2037 290 2064 ut
306 2033 370 2063 vid.
389 2033 437 2064 L:
463 2033 565 2075 χὺπὲρ
584 2033 629 2064 P:
653 2047 691 2065 τε
710 2032 813 2075 χὺπὲρ
832 2033 873 2064 L²
885 2033 924 2064 Ρ2
942 2034 993 2064 vel
1011 2034 1054 2073 lp
1154 2043 1233 2072 1391
1261 2033 1358 2065 τοῦτό
1372 2033 1418 2073 γ’,·

93 2076 139 2117 ἆρ’
162 2047 267 2116 ἔχοιμ’
285 2077 322 2108 ἂν
346 2077 532 2115 Hermann,
553 2077 655 2108 dubio
681 2081 809 2107 metro:
833 2077 932 2109 τοῦτό
954 2076 987 2116 γ’
1008 2075 1053 2115 (τ’
1078 2076 1134 2117 P2)
1155 2076 1202 2118 ἆρ’
1224 2077 1353 2116 ἔχοιμεν
1378 2076 1418 2106 L2

95 2118 135 2149 Ρ2
150 2131 157 2149 :
180 2118 269 2151 τοῦτ’
282 2118 327 2161 ἄρ’
346 2120 476 2160 ἔχοιμεν
494 2120 520 2150 L
534 2119 577 2151 P:
598 2119 657 2159 ἆρα
672 2119 798 2152 τούτοις
816 2120 934 2160 ἔχομεν
948 2119 1041 2150 Weil
1137 2129 1217 2159 1393
1240 2120 1321 2151 ἕνεκ’
1341 2119 1413 2159 LP,

93 2162 134 2192 cf.
158 2163 238 2201 1367
359 2172 441 2201 1394
471 2162 514 2195 εἷς
529 2161 578 2203 γ’]
606 2162 650 2195 εἷς
668 2162 844 2193 Hermann
861 2175 867 2194 ι
894 2163 1034 2194 sortasse
1054 2162 1097 2195 εἷς
1112 2163 1140 2195 δ’
1254 2172 1335 2201 1395
1361 2166 1416 2199 βε-

93 2205 251 2243 βούληται
269 2205 303 2237 δὲ
322 2205 489 2236 Headlam
505 2217 512 2236 :
534 2206 561 2238 δ’
580 2206 740 2244 ἐβουλήθη
754 2206 780 2236 L
792 2206 840 2237 P:
857 2205 884 2237 δ’
901 2207 1059 2245 ἐβουλήθη
1077 2208 1115 2238 τὸ
1130 2206 1170 2236 Ρ2
1185 2218 1192 2236 :
1210 2205 1236 2238 δ’
1255 2206 1416 2244 ἐβουλήθη

92 2261 131 2288 ’γε
151 2248 212 2278 Fix
318 2250 400 2287 1396
422 2249 575 2290 γενήσομ’
597 2250 661 2289 ἐγὼ
680 2248 762 2280 LP:
789 2259 873 2280 corr.
896 2249 1022 2279 Reiske
1130 2251 1211 2289 1398
1236 2249 1326 2281 θύετε
1342 2262 1416 2290 πορ-

94 2294 177 2323 θεῖτε
195 2291 349 2330 primitus
367 2290 393 2321 P
506 2302 589 2330 1400
613 2293 725 2332 ἄρχειν
742 2292 824 2324 εἰκός
842 2292 982 2323 Aristot.
1004 2291 1074 2323 Pol.
1093 2303 1120 2324 1.
1139 2303 1158 2322 2
1176 2305 1182 2323 :
1207 2294 1288 2325 εἰκὸς
1306 2293 1416 2334 ἄρχειν

95 2334 120 2364 L
134 2334 159 2364 P
273 2344 351 2373 1401
372 2334 428 2366 οἵδ’
447 2335 603 2378 ἐλεύθεροι
623 2335 664 2365 L²
677 2334 716 2367 P‘2
735 2347 741 2366 :
765 2337 803 2367 τὸ
819 2335 846 2368 δ’
865 2335 1031 2377 ἐλεύθερον
1048 2335 1074 2366 Ρ
1092 2340 1126 2367 et
1143 2341 1178 2366 ut
1196 2336 1263 2368 vid.
1283 2335 1310 2366 L

181 2398 263 2421 ΕΗΒ.
284 2397 334 2420 111.
1289 2391 1329 2421 ‘22
