<?xml version="1.0" encoding="UTF-8"?>
<!DOCTYPE html PUBLIC "-//W3C//DTD XHTML 1.0 Transitional//EN"
    "http://www.w3.org/TR/xhtml1/DTD/xhtml1-transitional.dtd">
<html xmlns="http://www.w3.org/1999/xhtml" xml:lang="en" lang="en">
 <head>
  <title>
</title>
<meta http-equiv="Content-Type" content="text/html;charset=utf-8" />
  <meta name='ocr-system' content='tesseract 3.04.00' />
  <meta name='ocr-capabilities' content='ocr_page ocr_carea ocr_par ocr_line ocrx_word'/>
</head>
<body>
  <div class='ocr_page' id='page_1' title='image "./euripidisfabulae03euriuoft_0012.png"; bbox 0 0 1622 2740; ppageno 0'>
   <div class='ocr_carea' id='block_1_1' title="bbox 557 91 964 133">
    <p class='ocr_par' dir='ltr' id='par_1_1' title="bbox 557 91 964 133">
     <span class='ocr_line' id='line_1_1' title="bbox 557 91 964 133; baseline 0.002 -1"><span class='ocrx_word' id='word_1_1' title='bbox 557 91 964 133; x_wconf 87' lang='lat' dir='ltr'><strong>PRAEFATIO</strong></span> 
     </span>
    </p>
   </div>
   <div class='ocr_carea' id='block_1_2' title="bbox 93 204 1426 2328">
    <p class='ocr_par' dir='ltr' id='par_1_2' title="bbox 94 204 1418 314">
     <span class='ocr_line' id='line_1_2' title="bbox 97 204 1418 258; baseline 0.002 -13"><span class='ocrx_word' id='word_1_2' title='bbox 97 205 205 256; x_wconf 89' lang='lat' dir='ltr'>Rep.</span> <span class='ocrx_word' id='word_1_3' title='bbox 229 204 334 244; x_wconf 83' lang='lat' dir='ltr'>Ath.</span> <span class='ocrx_word' id='word_1_4' title='bbox 358 205 443 246; x_wconf 87' lang='lat' dir='ltr'>viii.</span> <span class='ocrx_word' id='word_1_5' title='bbox 506 204 902 246; x_wconf 80' lang='lat' dir='ltr'>Grammaticorum</span> <span class='ocrx_word' id='word_1_6' title='bbox 936 205 1053 246; x_wconf 90' lang='lat' dir='ltr'>dicta</span> <span class='ocrx_word' id='word_1_7' title='bbox 1086 206 1203 258; x_wconf 85' lang='lat' dir='ltr'>apud</span> <span class='ocrx_word' id='word_1_8' title='bbox 1230 205 1418 248; x_wconf 87' lang='lat' dir='ltr'>Lauten-</span> 
     </span>
     <span class='ocr_line' id='line_1_3' title="bbox 94 272 588 314; baseline 0.002 -1"><span class='ocrx_word' id='word_1_9' title='bbox 94 272 286 314; x_wconf 87' lang='lat' dir='ltr'>sachium</span> <span class='ocrx_word' id='word_1_10' title='bbox 312 273 588 314; x_wconf 78' lang='lat' dir='ltr'>invenientur.</span> 
     </span>
    </p>

    <p class='ocr_par' dir='ltr' id='par_1_3' title="bbox 93 341 1423 1486">
     <span class='ocr_line' id='line_1_4' title="bbox 151 341 1419 396; baseline 0.003 -15"><span class='ocrx_word' id='word_1_11' title='bbox 151 341 297 382; x_wconf 88' lang='lat' dir='ltr'>Verba</span> <span class='ocrx_word' id='word_1_12' title='bbox 315 354 425 394; x_wconf 85' lang='lat' dir='ltr'>quae</span> <span class='ocrx_word' id='word_1_13' title='bbox 444 342 665 396; x_wconf 82' lang='lat' dir='ltr'>Euripidis</span> <span class='ocrx_word' id='word_1_14' title='bbox 687 343 841 384; x_wconf 80' lang='lat' dir='ltr'>editori</span> <span class='ocrx_word' id='word_1_15' title='bbox 866 343 907 383; x_wconf 90' lang='lat' dir='ltr'>in</span> <span class='ocrx_word' id='word_1_16' title='bbox 926 344 1222 396; x_wconf 88' lang='lat' dir='ltr'>quaestionem</span> <span class='ocrx_word' id='word_1_17' title='bbox 1243 344 1419 385; x_wconf 88' lang='lat' dir='ltr'>veniunt</span> 
     </span>
     <span class='ocr_line' id='line_1_5' title="bbox 94 410 1420 468; baseline 0.003 -17"><span class='ocrx_word' id='word_1_18' title='bbox 94 410 199 451; x_wconf 79' lang='lat' dir='ltr'>haec</span> <span class='ocrx_word' id='word_1_19' title='bbox 222 418 319 451; x_wconf 78' lang='lat' dir='ltr'>sunt</span> <span class='ocrx_word' id='word_1_20' title='bbox 337 427 343 451; x_wconf 91' lang='lat'>:</span> <span class='ocrx_word' id='word_1_21' title='bbox 380 410 558 464; x_wconf 75' lang='grc' dir='ltr'>εὐτυχεῖν</span> <span class='ocrx_word' id='word_1_22' title='bbox 576 412 681 465; x_wconf 80' lang='lat'>(12),</span> <span class='ocrx_word' id='word_1_23' title='bbox 701 412 963 463; x_wconf 77' lang='grc' dir='ltr'>εὐλαβεῖσθαι</span> <span class='ocrx_word' id='word_1_24' title='bbox 989 412 1064 466; x_wconf 78' lang='lat'>(2),</span> <span class='ocrx_word' id='word_1_25' title='bbox 1087 413 1327 464; x_wconf 78' lang='grc' dir='ltr'>εὐτρεπίζειν</span> <span class='ocrx_word' id='word_1_26' title='bbox 1345 412 1420 468; x_wconf 79' lang='lat'><strong>(2),</strong></span> 
     </span>
     <span class='ocr_line' id='line_1_6' title="bbox 95 478 1421 534; baseline 0.003 -15"><span class='ocrx_word' id='word_1_27' title='bbox 95 479 287 531; x_wconf 79' lang='grc' dir='ltr'>εὐφημεῖν</span> <span class='ocrx_word' id='word_1_28' title='bbox 305 478 380 534; x_wconf 83' lang='grc' dir='ltr'>(Ι),</span> <span class='ocrx_word' id='word_1_29' title='bbox 400 479 600 521; x_wconf 77' lang='grc' dir='ltr'>εὐσθενεῖν</span> <span class='ocrx_word' id='word_1_30' title='bbox 614 481 652 532; x_wconf 77' lang='lat'>(1</span> <span class='ocrx_word' id='word_1_31' title='bbox 672 481 719 534; x_wconf 72' lang='lat' dir='ltr'>P),</span> <span class='ocrx_word' id='word_1_32' title='bbox 737 481 963 533; x_wconf 81' lang='grc' dir='ltr'>εὐφραίνειν</span> <span class='ocrx_word' id='word_1_33' title='bbox 978 482 1051 534; x_wconf 83' lang='lat'>(2).</span> <span class='ocrx_word' id='word_1_34' title='bbox 1100 482 1149 522; x_wconf 88' lang='lat' dir='ltr'>In</span> <span class='ocrx_word' id='word_1_35' title='bbox 1167 482 1232 522; x_wconf 85' lang='lat' dir='ltr'>his</span> <span class='ocrx_word' id='word_1_36' title='bbox 1250 483 1421 524; x_wconf 83' lang='lat' dir='ltr'>codices</span> 
     </span>
     <span class='ocr_line' id='line_1_7' title="bbox 93 549 1414 606; baseline 0.003 -18"><span class='ocrx_word' id='word_1_37' title='bbox 93 555 167 589; x_wconf 88' lang='lat' dir='ltr'>aut</span> <span class='ocrx_word' id='word_1_38' title='bbox 181 562 331 589; x_wconf 91' lang='lat' dir='ltr'>omnes</span> <span class='ocrx_word' id='word_1_39' title='bbox 347 556 420 589; x_wconf 91' lang='lat' dir='ltr'>aut</span> <span class='ocrx_word' id='word_1_40' title='bbox 434 549 632 590; x_wconf 89' lang='lat' dir='ltr'>meliores</span> <span class='ocrx_word' id='word_1_41' title='bbox 647 564 817 603; x_wconf 80' lang='lat' dir='ltr'><strong>semper</strong></span> <span class='ocrx_word' id='word_1_42' title='bbox 832 551 888 591; x_wconf 86' lang='grc' dir='ltr'>εὐ·</span> <span class='ocrx_word' id='word_1_43' title='bbox 900 551 1209 604; x_wconf 85' lang='lat' dir='ltr'>praebent‚nisi</span> <span class='ocrx_word' id='word_1_44' title='bbox 1222 551 1414 606; x_wconf 81' lang='lat' dir='ltr'>Hec.301</span> 
     </span>
     <span class='ocr_line' id='line_1_8' title="bbox 94 618 1417 675; baseline 0.002 -18"><span class='ocrx_word' id='word_1_45' title='bbox 94 618 286 671; x_wconf 80' lang='grc' dir='ltr'>ηὐτύχουν</span> <span class='ocrx_word' id='word_1_46' title='bbox 304 631 469 668; x_wconf 82' lang='lat' dir='ltr'>omnes,</span> <span class='ocrx_word' id='word_1_47' title='bbox 491 619 584 672; x_wconf 88' lang='lat' dir='ltr'>Iph.</span> <span class='ocrx_word' id='word_1_48' title='bbox 606 619 659 659; x_wconf 80' lang='grc' dir='ltr'>Α.</span> <span class='ocrx_word' id='word_1_49' title='bbox 683 632 728 660; x_wconf 86' lang='lat'>11</span> <span class='ocrx_word' id='word_1_50' title='bbox 742 631 784 658; x_wconf 90' lang='lat'>11</span> <span class='ocrx_word' id='word_1_51' title='bbox 808 619 1110 671; x_wconf 79' lang='grc' dir='ltr'>ηὐτρεπισμένοι</span> <span class='ocrx_word' id='word_1_52' title='bbox 1130 620 1221 669; x_wconf 65' lang='lat' dir='ltr'>LI),</span> <span class='ocrx_word' id='word_1_53' title='bbox 1240 620 1316 662; x_wconf 85' lang='lat' dir='ltr'>Or.</span> <span class='ocrx_word' id='word_1_54' title='bbox 1338 632 1417 675; x_wconf 82' lang='lat'>217</span> 
     </span>
     <span class='ocr_line' id='line_1_9' title="bbox 94 687 1421 743; baseline 0.005 -18"><span class='ocrx_word' id='word_1_55' title='bbox 94 687 297 738; x_wconf 77' lang='grc' dir='ltr'>ηὔφρανας</span> <span class='ocrx_word' id='word_1_56' title='bbox 339 701 502 735; x_wconf 84' lang='lat' dir='ltr'>Omnes,</span> <span class='ocrx_word' id='word_1_57' title='bbox 545 687 601 727; x_wconf 85' lang='lat' dir='ltr'>ib.</span> <span class='ocrx_word' id='word_1_58' title='bbox 640 688 719 740; x_wconf 81' lang='lat'>287</span> <span class='ocrx_word' id='word_1_59' title='bbox 759 688 936 740; x_wconf 77' lang='grc' dir='ltr'>ηὔφρανε</span> <span class='ocrx_word' id='word_1_60' title='bbox 974 689 1020 728; x_wconf 89' lang='grc' dir='ltr'><strong>Μ</strong></span> <span class='ocrx_word' id='word_1_61' title='bbox 1036 689 1130 729; x_wconf 87' lang='lat' dir='ltr'>VL</span> <span class='ocrx_word' id='word_1_62' title='bbox 1147 689 1202 728; x_wconf 78' lang='lat' dir='ltr'>P:</span> <span class='ocrx_word' id='word_1_63' title='bbox 1251 689 1421 743; x_wconf 78' lang='grc' dir='ltr'>εὕφρανε</span> 
     </span>
     <span class='ocr_line' id='line_1_10' title="bbox 97 755 1420 808; baseline 0.004 -13"><span class='ocrx_word' id='word_1_64' title='bbox 97 755 162 795; x_wconf 86' lang='grc' dir='ltr'>Μ2</span> <span class='ocrx_word' id='word_1_65' title='bbox 177 755 222 796; x_wconf 88' lang='lat' dir='ltr'>A</span> <span class='ocrx_word' id='word_1_66' title='bbox 238 755 286 796; x_wconf 87' lang='lat' dir='ltr'>B.</span> <span class='ocrx_word' id='word_1_67' title='bbox 340 756 523 797; x_wconf 80' lang='lat' dir='ltr'>Formae</span> <span class='ocrx_word' id='word_1_68' title='bbox 546 755 734 808; x_wconf 80' lang='grc' dir='ltr'>εὐτύχουν</span> <span class='ocrx_word' id='word_1_69' title='bbox 754 763 796 797; x_wconf 93' lang='lat' dir='ltr'>et</span> <span class='ocrx_word' id='word_1_70' title='bbox 819 756 1116 807; x_wconf 82' lang='grc' dir='ltr'>εὐτρεπισμένοι</span> <span class='ocrx_word' id='word_1_71' title='bbox 1140 763 1255 799; x_wconf 90' lang='lat' dir='ltr'>certe</span> <span class='ocrx_word' id='word_1_72' title='bbox 1277 759 1420 800; x_wconf 88' lang='lat' dir='ltr'>restit-</span> 
     </span>
     <span class='ocr_line' id='line_1_11' title="bbox 95 824 1420 878; baseline 0.002 -14"><span class='ocrx_word' id='word_1_73' title='bbox 95 824 260 865; x_wconf 83' lang='lat' dir='ltr'>uendae</span> <span class='ocrx_word' id='word_1_74' title='bbox 291 831 415 865; x_wconf 87' lang='lat' dir='ltr'>sunt:</span> <span class='ocrx_word' id='word_1_75' title='bbox 460 824 510 863; x_wconf 93' lang='lat' dir='ltr'>cf.</span> <span class='ocrx_word' id='word_1_76' title='bbox 544 825 598 864; x_wconf 93' lang='lat' dir='ltr'>de</span> <span class='ocrx_word' id='word_1_77' title='bbox 628 824 710 864; x_wconf 92' lang='lat' dir='ltr'>hoc</span> <span class='ocrx_word' id='word_1_78' title='bbox 741 824 859 877; x_wconf 90' lang='lat' dir='ltr'>Cycl.</span> <span class='ocrx_word' id='word_1_79' title='bbox 892 835 977 878; x_wconf 82' lang='lat'>594</span> <span class='ocrx_word' id='word_1_80' title='bbox 1008 832 1050 866; x_wconf 89' lang='lat' dir='ltr'>et</span> <span class='ocrx_word' id='word_1_81' title='bbox 1083 825 1162 866; x_wconf 87' lang='lat' dir='ltr'>Ar.</span> <span class='ocrx_word' id='word_1_82' title='bbox 1195 826 1306 868; x_wconf 83' lang='lat' dir='ltr'>Plut.</span> <span class='ocrx_word' id='word_1_83' title='bbox 1338 827 1420 869; x_wconf 85' lang='lat'>626</span> 
     </span>
     <span class='ocr_line' id='line_1_12' title="bbox 94 893 1422 948; baseline 0.002 -14"><span class='ocrx_word' id='word_1_84' title='bbox 94 894 217 934; x_wconf 86' lang='lat' dir='ltr'>codd.</span> <span class='ocrx_word' id='word_1_85' title='bbox 244 893 361 933; x_wconf 88' lang='lat' dir='ltr'>RV:</span> <span class='ocrx_word' id='word_1_86' title='bbox 396 894 449 933; x_wconf 78' lang='lat' dir='ltr'>de</span> <span class='ocrx_word' id='word_1_87' title='bbox 481 893 690 945; x_wconf 73' lang='grc' dir='ltr'>εὔφρανας,</span> <span class='ocrx_word' id='word_1_88' title='bbox 712 893 881 945; x_wconf 80' lang='grc' dir='ltr'>εὕφρανε</span> <span class='ocrx_word' id='word_1_89' title='bbox 912 893 1016 934; x_wconf 85' lang='lat' dir='ltr'>mihi</span> <span class='ocrx_word' id='word_1_90' title='bbox 1047 909 1132 935; x_wconf 91' lang='lat' dir='ltr'>non</span> <span class='ocrx_word' id='word_1_91' title='bbox 1158 895 1306 948; x_wconf 80' lang='lat' dir='ltr'>liquet.</span> <span class='ocrx_word' id='word_1_92' title='bbox 1370 896 1422 936; x_wconf 91' lang='lat' dir='ltr'>In</span> 
     </span>
     <span class='ocr_line' id='line_1_13' title="bbox 94 961 1421 1016; baseline 0.002 -14"><span class='ocrx_word' id='word_1_93' title='bbox 94 962 246 1002; x_wconf 90' lang='lat' dir='ltr'>ceteris</span> <span class='ocrx_word' id='word_1_94' title='bbox 264 961 437 1015; x_wconf 79' lang='lat' dir='ltr'>tragicis</span> <span class='ocrx_word' id='word_1_95' title='bbox 454 961 619 1002; x_wconf 89' lang='lat' dir='ltr'>nullum</span> <span class='ocrx_word' id='word_1_96' title='bbox 638 967 781 1002; x_wconf 84' lang='lat' dir='ltr'>exstat</span> <span class='ocrx_word' id='word_1_97' title='bbox 799 962 1074 1016; x_wconf 80' lang='lat' dir='ltr'>exemplum:</span> <span class='ocrx_word' id='word_1_98' title='bbox 1106 963 1147 1004; x_wconf 90' lang='lat' dir='ltr'>in</span> <span class='ocrx_word' id='word_1_99' title='bbox 1165 963 1244 1003; x_wconf 88' lang='lat' dir='ltr'>Ar.</span> <span class='ocrx_word' id='word_1_100' title='bbox 1262 963 1377 1005; x_wconf 89' lang='lat' dir='ltr'>Ach.</span> <span class='ocrx_word' id='word_1_101' title='bbox 1396 973 1421 1016; x_wconf 86' lang='lat'><em>5</em></span> 
     </span>
     <span class='ocr_line' id='line_1_14' title="bbox 96 1030 1423 1087; baseline 0.002 -15"><span class='ocrx_word' id='word_1_102' title='bbox 96 1032 281 1072; x_wconf 87' lang='lat' dir='ltr'>formam</span> <span class='ocrx_word' id='word_1_103' title='bbox 300 1031 342 1071; x_wconf 89' lang='lat' dir='ltr'>in</span> <span class='ocrx_word' id='word_1_104' title='bbox 361 1030 417 1070; x_wconf 81' lang='grc' dir='ltr'>εὐ-</span> <span class='ocrx_word' id='word_1_105' title='bbox 435 1031 643 1084; x_wconf 90' lang='lat' dir='ltr'>praebent</span> <span class='ocrx_word' id='word_1_106' title='bbox 667 1031 792 1071; x_wconf 91' lang='lat' dir='ltr'>codd.</span> <span class='ocrx_word' id='word_1_107' title='bbox 811 1032 896 1071; x_wconf 89' lang='lat' dir='ltr'>fere</span> <span class='ocrx_word' id='word_1_108' title='bbox 913 1044 1072 1072; x_wconf 92' lang='lat' dir='ltr'>omnes.</span> <span class='ocrx_word' id='word_1_109' title='bbox 1124 1033 1285 1084; x_wconf 84' lang='lat' dir='ltr'>Potuit,</span> <span class='ocrx_word' id='word_1_110' title='bbox 1303 1040 1423 1087; x_wconf 88' lang='lat' dir='ltr'>puto,</span> 
     </span>
     <span class='ocr_line' id='line_1_15' title="bbox 95 1099 1421 1156; baseline 0.002 -16"><span class='ocrx_word' id='word_1_111' title='bbox 95 1100 177 1141; x_wconf 90' lang='lat' dir='ltr'>hoc</span> <span class='ocrx_word' id='word_1_112' title='bbox 208 1099 387 1140; x_wconf 85' lang='lat' dir='ltr'>verbum</span> <span class='ocrx_word' id='word_1_113' title='bbox 421 1099 598 1141; x_wconf 87' lang='lat' dir='ltr'>Graecis</span> <span class='ocrx_word' id='word_1_114' title='bbox 628 1100 788 1141; x_wconf 89' lang='lat' dir='ltr'>saeculi</span> <span class='ocrx_word' id='word_1_115' title='bbox 820 1101 973 1153; x_wconf 86' lang='lat' dir='ltr'>quinti,</span> <span class='ocrx_word' id='word_1_116' title='bbox 1004 1101 1252 1143; x_wconf 87' lang='lat' dir='ltr'>hominibus</span> <span class='ocrx_word' id='word_1_117' title='bbox 1284 1116 1421 1156; x_wconf 82' lang='lat' dir='ltr'>gram-</span> 
     </span>
     <span class='ocr_line' id='line_1_16' title="bbox 97 1168 1422 1223; baseline 0.003 -15"><span class='ocrx_word' id='word_1_118' title='bbox 97 1169 281 1209; x_wconf 89' lang='lat' dir='ltr'>maticae</span> <span class='ocrx_word' id='word_1_119' title='bbox 304 1169 525 1222; x_wconf 86' lang='lat' dir='ltr'>imperitis,</span> <span class='ocrx_word' id='word_1_120' title='bbox 545 1182 642 1209; x_wconf 90' lang='lat' dir='ltr'>cum</span> <span class='ocrx_word' id='word_1_121' title='bbox 663 1168 809 1210; x_wconf 81' lang='grc' dir='ltr'>εὐθύνω</span> <span class='ocrx_word' id='word_1_122' title='bbox 833 1170 970 1222; x_wconf 79' lang='lat' dir='ltr'>magis</span> <span class='ocrx_word' id='word_1_123' title='bbox 992 1170 1238 1223; x_wconf 80' lang='lat' dir='ltr'>analogiam</span> <span class='ocrx_word' id='word_1_124' title='bbox 1262 1171 1422 1212; x_wconf 89' lang='lat' dir='ltr'>habere</span> 
     </span>
     <span class='ocr_line' id='line_1_17' title="bbox 95 1238 1421 1291; baseline 0.003 -13"><span class='ocrx_word' id='word_1_125' title='bbox 95 1239 231 1279; x_wconf 91' lang='lat' dir='ltr'>videri</span> <span class='ocrx_word' id='word_1_126' title='bbox 266 1251 398 1291; x_wconf 87' lang='lat' dir='ltr'>quam</span> <span class='ocrx_word' id='word_1_127' title='bbox 435 1252 531 1278; x_wconf 89' lang='lat' dir='ltr'>cum</span> <span class='ocrx_word' id='word_1_128' title='bbox 571 1238 718 1290; x_wconf 73' lang='grc' dir='ltr'>εὐτυχῶ</span> <span class='ocrx_word' id='word_1_129' title='bbox 739 1255 747 1288; x_wconf 84' lang='grc'>;</span> <span class='ocrx_word' id='word_1_130' title='bbox 792 1239 937 1291; x_wconf 84' lang='lat' dir='ltr'>itaque</span> <span class='ocrx_word' id='word_1_131' title='bbox 980 1239 1183 1280; x_wconf 89' lang='lat' dir='ltr'>lectiones</span> <span class='ocrx_word' id='word_1_132' title='bbox 1225 1241 1421 1282; x_wconf 90' lang='lat' dir='ltr'>codicum</span> 
     </span>
     <span class='ocr_line' id='line_1_18' title="bbox 98 1306 1423 1363; baseline 0.002 -15"><span class='ocrx_word' id='word_1_133' title='bbox 98 1307 171 1348; x_wconf 87' lang='lat' dir='ltr'>Or.</span> <span class='ocrx_word' id='word_1_134' title='bbox 210 1318 301 1360; x_wconf 82' lang='lat'>217,</span> <span class='ocrx_word' id='word_1_135' title='bbox 334 1308 415 1359; x_wconf 80' lang='lat'>287</span> <span class='ocrx_word' id='word_1_136' title='bbox 450 1321 535 1347; x_wconf 90' lang='lat' dir='ltr'>non</span> <span class='ocrx_word' id='word_1_137' title='bbox 570 1308 746 1348; x_wconf 86' lang='lat' dir='ltr'>mutavi.</span> <span class='ocrx_word' id='word_1_138' title='bbox 809 1306 893 1348; x_wconf 83' lang='lat' dir='ltr'>Sed</span> <span class='ocrx_word' id='word_1_139' title='bbox 929 1308 1084 1349; x_wconf 85' lang='lat' dir='ltr'>mirum</span> <span class='ocrx_word' id='word_1_140' title='bbox 1120 1316 1184 1350; x_wconf 85' lang='lat' dir='ltr'>est</span> <span class='ocrx_word' id='word_1_141' title='bbox 1215 1323 1301 1363; x_wconf 88' lang='lat' dir='ltr'>qua</span> <span class='ocrx_word' id='word_1_142' title='bbox 1331 1318 1423 1351; x_wconf 88' lang='lat' dir='ltr'>arte</span> 
     </span>
     <span class='ocr_line' id='line_1_19' title="bbox 96 1375 1421 1432; baseline 0.004 -17"><span class='ocrx_word' id='word_1_143' title='bbox 96 1375 256 1416; x_wconf 87' lang='lat' dir='ltr'>formas</span> <span class='ocrx_word' id='word_1_144' title='bbox 298 1383 601 1428; x_wconf 79' lang='lat' dir='ltr'>augmentatas</span> <span class='ocrx_word' id='word_1_145' title='bbox 651 1376 805 1417; x_wconf 85' lang='lat' dir='ltr'>horum</span> <span class='ocrx_word' id='word_1_146' title='bbox 849 1378 1079 1418; x_wconf 85' lang='lat' dir='ltr'>verborum</span> <span class='ocrx_word' id='word_1_147' title='bbox 1122 1378 1275 1432; x_wconf 78' lang='lat' dir='ltr'>tragici</span> <span class='ocrx_word' id='word_1_148' title='bbox 1316 1380 1421 1420; x_wconf 88' lang='lat' dir='ltr'>vita-</span> 
     </span>
     <span class='ocr_line' id='line_1_20' title="bbox 95 1445 244 1486; baseline 0 -2"><span class='ocrx_word' id='word_1_149' title='bbox 95 1445 244 1486; x_wconf 80' lang='lat' dir='ltr'>verint.</span> 
     </span>
    </p>

    <p class='ocr_par' dir='ltr' id='par_1_4' title="bbox 96 1513 1424 1845">
     <span class='ocr_line' id='line_1_21' title="bbox 154 1513 1422 1568; baseline 0.002 -15"><span class='ocrx_word' id='word_1_150' title='bbox 154 1513 301 1553; x_wconf 83' lang='lat' dir='ltr'>Verba</span> <span class='ocrx_word' id='word_1_151' title='bbox 338 1527 434 1553; x_wconf 90' lang='lat' dir='ltr'>cum</span> <span class='ocrx_word' id='word_1_152' title='bbox 473 1517 568 1554; x_wconf 85' lang='grc' dir='ltr'><strong><em>ὃυσ-</em></strong></span> <span class='ocrx_word' id='word_1_153' title='bbox 602 1515 847 1568; x_wconf 87' lang='lat' dir='ltr'>composita</span> <span class='ocrx_word' id='word_1_154' title='bbox 879 1516 1101 1568; x_wconf 89' lang='lat' dir='ltr'>quomodo</span> <span class='ocrx_word' id='word_1_155' title='bbox 1138 1522 1422 1568; x_wconf 83' lang='lat' dir='ltr'>augmentum</span> 
     </span>
     <span class='ocr_line' id='line_1_22' title="bbox 99 1583 1424 1639; baseline 0.002 -15"><span class='ocrx_word' id='word_1_156' title='bbox 99 1583 281 1631; x_wconf 87' lang='lat' dir='ltr'>fecerint,</span> <span class='ocrx_word' id='word_1_157' title='bbox 303 1584 511 1635; x_wconf 77' lang='lat' dir='ltr'>expedire</span> <span class='ocrx_word' id='word_1_158' title='bbox 545 1584 659 1624; x_wconf 88' lang='lat' dir='ltr'>haud</span> <span class='ocrx_word' id='word_1_159' title='bbox 693 1584 816 1625; x_wconf 87' lang='lat' dir='ltr'>facile</span> <span class='ocrx_word' id='word_1_160' title='bbox 847 1592 937 1625; x_wconf 88' lang='lat' dir='ltr'>est:</span> <span class='ocrx_word' id='word_1_161' title='bbox 972 1585 1137 1625; x_wconf 88' lang='lat' dir='ltr'>nullum</span> <span class='ocrx_word' id='word_1_162' title='bbox 1171 1586 1286 1625; x_wconf 88' lang='lat' dir='ltr'>enim</span> <span class='ocrx_word' id='word_1_163' title='bbox 1318 1592 1424 1639; x_wconf 84' lang='lat' dir='ltr'>puto</span> 
     </span>
     <span class='ocr_line' id='line_1_23' title="bbox 97 1652 1423 1708; baseline 0.002 -17"><span class='ocrx_word' id='word_1_164' title='bbox 97 1658 268 1692; x_wconf 85' lang='lat' dir='ltr'>exstare</span> <span class='ocrx_word' id='word_1_165' title='bbox 291 1652 406 1704; x_wconf 88' lang='lat' dir='ltr'>apud</span> <span class='ocrx_word' id='word_1_166' title='bbox 431 1653 616 1706; x_wconf 82' lang='lat' dir='ltr'>tragicos</span> <span class='ocrx_word' id='word_1_167' title='bbox 638 1653 891 1708; x_wconf 83' lang='lat' dir='ltr'>exemplum</span> <span class='ocrx_word' id='word_1_168' title='bbox 917 1654 995 1694; x_wconf 89' lang='lat' dir='ltr'>nisi</span> <span class='ocrx_word' id='word_1_169' title='bbox 1021 1654 1153 1708; x_wconf 83' lang='lat' dir='ltr'>Soph.</span> <span class='ocrx_word' id='word_1_170' title='bbox 1177 1654 1230 1695; x_wconf 92' lang='lat' dir='ltr'>O.</span> <span class='ocrx_word' id='word_1_171' title='bbox 1253 1655 1304 1695; x_wconf 89' lang='lat' dir='ltr'>T.</span> <span class='ocrx_word' id='word_1_172' title='bbox 1330 1655 1423 1704; x_wconf 83' lang='lat'><strong>262,</strong></span> 
     </span>
     <span class='ocr_line' id='line_1_24' title="bbox 96 1719 1422 1777; baseline 0.002 -15"><span class='ocrx_word' id='word_1_173' title='bbox 96 1722 168 1762; x_wconf 84' lang='lat' dir='ltr'>ubi</span> <span class='ocrx_word' id='word_1_174' title='bbox 207 1720 258 1771; x_wconf 77' lang='grc' dir='ltr'>μὴ</span> <span class='ocrx_word' id='word_1_175' title='bbox 295 1719 560 1774; x_wconf 80' lang='grc' dir='ltr'>’ὃνστύχησεν</span> <span class='ocrx_word' id='word_1_176' title='bbox 601 1730 642 1763; x_wconf 81' lang='lat' dir='ltr'>et</span> <span class='ocrx_word' id='word_1_177' title='bbox 679 1722 730 1773; x_wconf 82' lang='grc' dir='ltr'>μὴ</span> <span class='ocrx_word' id='word_1_178' title='bbox 768 1723 1018 1776; x_wconf 82' lang='grc' dir='ltr'>ὃυστύχησεν</span> <span class='ocrx_word' id='word_1_179' title='bbox 1054 1723 1261 1777; x_wconf 77' lang='lat' dir='ltr'>praebent</span> <span class='ocrx_word' id='word_1_180' title='bbox 1299 1724 1422 1764; x_wconf 89' lang='lat' dir='ltr'>codd.</span> 
     </span>
     <span class='ocr_line' id='line_1_25' title="bbox 97 1790 1422 1845; baseline 0.002 -15"><span class='ocrx_word' id='word_1_181' title='bbox 97 1791 212 1830; x_wconf 85' lang='lat' dir='ltr'>Nam</span> <span class='ocrx_word' id='word_1_182' title='bbox 233 1790 323 1830; x_wconf 88' lang='lat' dir='ltr'>Ion.</span> <span class='ocrx_word' id='word_1_183' title='bbox 347 1799 453 1843; x_wconf 77' lang='lat'>1457</span> <span class='ocrx_word' id='word_1_184' title='bbox 475 1790 616 1842; x_wconf 84' lang='grc' dir='ltr'>πρόσθ’</span> <span class='ocrx_word' id='word_1_185' title='bbox 635 1792 841 1845; x_wconf 71' lang='grc' dir='ltr'>ἐδυστύχει</span> <span class='ocrx_word' id='word_1_186' title='bbox 864 1806 979 1833; x_wconf 89' lang='lat' dir='ltr'>mera</span> <span class='ocrx_word' id='word_1_187' title='bbox 997 1792 1244 1833; x_wconf 89' lang='lat' dir='ltr'>coniectura</span> <span class='ocrx_word' id='word_1_188' title='bbox 1261 1793 1422 1833; x_wconf 89' lang='lat' dir='ltr'>nititur.</span> 
     </span>
    </p>

    <p class='ocr_par' dir='ltr' id='par_1_5' title="bbox 95 1858 1426 2328">
     <span class='ocr_line' id='line_1_26' title="bbox 158 1858 1425 1913; baseline 0.002 -15"><span class='ocrx_word' id='word_1_189' title='bbox 158 1859 217 1899; x_wconf 81' lang='lat' dir='ltr'>Et</span> <span class='ocrx_word' id='word_1_190' title='bbox 245 1858 378 1899; x_wconf 85' lang='lat' dir='ltr'>altera</span> <span class='ocrx_word' id='word_1_191' title='bbox 405 1873 471 1899; x_wconf 86' lang='lat' dir='ltr'>res</span> <span class='ocrx_word' id='word_1_192' title='bbox 500 1867 565 1900; x_wconf 86' lang='lat' dir='ltr'>est</span> <span class='ocrx_word' id='word_1_193' title='bbox 594 1860 635 1899; x_wconf 90' lang='lat' dir='ltr'>in</span> <span class='ocrx_word' id='word_1_194' title='bbox 659 1874 744 1912; x_wconf 84' lang='lat' dir='ltr'>qua</span> <span class='ocrx_word' id='word_1_195' title='bbox 767 1874 890 1900; x_wconf 88' lang='lat' dir='ltr'>usum</span> <span class='ocrx_word' id='word_1_196' title='bbox 914 1860 1120 1901; x_wconf 89' lang='lat' dir='ltr'>librorum</span> <span class='ocrx_word' id='word_1_197' title='bbox 1149 1860 1267 1913; x_wconf 87' lang='lat' dir='ltr'>sequi</span> <span class='ocrx_word' id='word_1_198' title='bbox 1292 1860 1425 1901; x_wconf 88' lang='lat' dir='ltr'>malui</span> 
     </span>
     <span class='ocr_line' id='line_1_27' title="bbox 96 1928 1426 1980; baseline 0.002 -13"><span class='ocrx_word' id='word_1_199' title='bbox 96 1941 225 1980; x_wconf 80' lang='lat' dir='ltr'>quam</span> <span class='ocrx_word' id='word_1_200' title='bbox 260 1928 494 1968; x_wconf 86' lang='lat' dir='ltr'>recentium</span> <span class='ocrx_word' id='word_1_201' title='bbox 523 1929 737 1969; x_wconf 89' lang='lat' dir='ltr'>editorum</span> <span class='ocrx_word' id='word_1_202' title='bbox 771 1929 1140 1970; x_wconf 79' lang='lat' dir='ltr'>consuetudinem.</span> <span class='ocrx_word' id='word_1_203' title='bbox 1199 1929 1426 1970; x_wconf 87' lang='lat' dir='ltr'>Vocabula</span> 
     </span>
     <span class='ocr_line' id='line_1_28' title="bbox 97 1997 1425 2052; baseline 0.002 -16"><span class='ocrx_word' id='word_1_204' title='bbox 97 1997 209 2036; x_wconf 91' lang='lat' dir='ltr'>enim</span> <span class='ocrx_word' id='word_1_205' title='bbox 229 2009 341 2048; x_wconf 85' lang='lat' dir='ltr'>quae</span> <span class='ocrx_word' id='word_1_206' title='bbox 363 1997 584 2038; x_wconf 74' lang='lat' dir='ltr'>elisionem</span> <span class='ocrx_word' id='word_1_207' title='bbox 604 1998 670 2038; x_wconf 90' lang='lat' dir='ltr'>vel</span> <span class='ocrx_word' id='word_1_208' title='bbox 690 1998 827 2039; x_wconf 89' lang='lat' dir='ltr'>crasin</span> <span class='ocrx_word' id='word_1_209' title='bbox 851 1998 1075 2052; x_wconf 87' lang='lat' dir='ltr'>patiuntur</span> <span class='ocrx_word' id='word_1_210' title='bbox 1097 2011 1181 2038; x_wconf 89' lang='lat' dir='ltr'>non</span> <span class='ocrx_word' id='word_1_211' title='bbox 1205 2011 1425 2052; x_wconf 87' lang='lat' dir='ltr'>nunquam</span> 
     </span>
     <span class='ocr_line' id='line_1_29' title="bbox 99 2065 1426 2121; baseline 0.002 -16"><span class='ocrx_word' id='word_1_212' title='bbox 99 2065 258 2106; x_wconf 87' lang='lat' dir='ltr'>Latino</span> <span class='ocrx_word' id='word_1_213' title='bbox 291 2079 410 2105; x_wconf 89' lang='lat' dir='ltr'>more</span> <span class='ocrx_word' id='word_1_214' title='bbox 443 2066 567 2119; x_wconf 88' lang='lat' dir='ltr'>plene</span> <span class='ocrx_word' id='word_1_215' title='bbox 597 2068 814 2120; x_wconf 81' lang='lat' dir='ltr'>exscripta</span> <span class='ocrx_word' id='word_1_216' title='bbox 839 2067 1031 2119; x_wconf 85' lang='lat' dir='ltr'>exhibui,</span> <span class='ocrx_word' id='word_1_217' title='bbox 1053 2067 1170 2121; x_wconf 87' lang='lat' dir='ltr'>quod</span> <span class='ocrx_word' id='word_1_218' title='bbox 1201 2067 1255 2108; x_wconf 88' lang='lat' dir='ltr'>ad</span> <span class='ocrx_word' id='word_1_219' title='bbox 1289 2068 1426 2108; x_wconf 86' lang='lat' dir='ltr'>crasin</span> 
     </span>
     <span class='ocr_line' id='line_1_30' title="bbox 95 2135 1426 2190; baseline 0.002 -15"><span class='ocrx_word' id='word_1_220' title='bbox 95 2135 251 2175; x_wconf 84' lang='lat' dir='ltr'>attinet</span> <span class='ocrx_word' id='word_1_221' title='bbox 305 2135 647 2176; x_wconf 85' lang='lat' dir='ltr'>Herwerdenum</span> <span class='ocrx_word' id='word_1_222' title='bbox 686 2143 882 2187; x_wconf 79' lang='lat' dir='ltr'>&#39;secutuS‚</span> <span class='ocrx_word' id='word_1_223' title='bbox 933 2137 1006 2190; x_wconf 86' lang='lat' dir='ltr'>qui</span> <span class='ocrx_word' id='word_1_224' title='bbox 1060 2137 1102 2177; x_wconf 90' lang='lat' dir='ltr'>in</span> <span class='ocrx_word' id='word_1_225' title='bbox 1157 2136 1426 2189; x_wconf 84' lang='lat' dir='ltr'>praefatione</span> 
     </span>
     <span class='ocr_line' id='line_1_31' title="bbox 98 2202 1424 2259; baseline 0.002 -16"><span class='ocrx_word' id='word_1_226' title='bbox 98 2202 292 2244; x_wconf 87' lang='lat' dir='ltr'>Helenae</span> <span class='ocrx_word' id='word_1_227' title='bbox 315 2216 416 2244; x_wconf 88' lang='lat' dir='ltr'>suae</span> <span class='ocrx_word' id='word_1_228' title='bbox 438 2218 482 2245; x_wconf 90' lang='lat' dir='ltr'>se</span> <span class='ocrx_word' id='word_1_229' title='bbox 505 2206 909 2259; x_wconf 80' lang='lat' dir='ltr'>‘grammaticorum</span> <span class='ocrx_word' id='word_1_230' title='bbox 928 2206 1151 2246; x_wconf 89' lang='lat' dir='ltr'>inventum</span> <span class='ocrx_word' id='word_1_231' title='bbox 1173 2205 1424 2259; x_wconf 82' lang='lat' dir='ltr'>aphaeresin</span> 
     </span>
     <span class='ocr_line' id='line_1_32' title="bbox 96 2271 1422 2328; baseline 0.001 -16"><span class='ocrx_word' id='word_1_232' title='bbox 96 2272 225 2325; x_wconf 89' lang='lat' dir='ltr'>plena</span> <span class='ocrx_word' id='word_1_233' title='bbox 257 2272 586 2313; x_wconf 81' lang='lat' dir='ltr'>coalescentium</span> <span class='ocrx_word' id='word_1_234' title='bbox 619 2273 833 2314; x_wconf 86' lang='lat' dir='ltr'>vocalium</span> <span class='ocrx_word' id='word_1_235' title='bbox 867 2275 1080 2328; x_wconf 85' lang='lat' dir='ltr'>scriptura</span> <span class='ocrx_word' id='word_1_236' title='bbox 1111 2271 1422 2315; x_wconf 86' lang='lat' dir='ltr'>commutasse’</span> 
     </span>
    </p>
   </div>
   <div class='ocr_carea' id='block_1_3' title="bbox 96 2341 1422 2447">
    <p class='ocr_par' dir='ltr' id='par_1_6' title="bbox 96 2341 1422 2447">
     <span class='ocr_line' id='line_1_33' title="bbox 96 2341 1422 2396; baseline 0 -14"><span class='ocrx_word' id='word_1_237' title='bbox 96 2341 311 2394; x_wconf 82' lang='lat' dir='ltr'>professus</span> <span class='ocrx_word' id='word_1_238' title='bbox 341 2350 419 2391; x_wconf 85' lang='lat' dir='ltr'>est,</span> <span class='ocrx_word' id='word_1_239' title='bbox 442 2342 558 2393; x_wconf 84' lang='lat' dir='ltr'>quod</span> <span class='ocrx_word' id='word_1_240' title='bbox 590 2343 643 2383; x_wconf 90' lang='lat' dir='ltr'>ad</span> <span class='ocrx_word' id='word_1_241' title='bbox 675 2342 909 2392; x_wconf 85' lang='lat' dir='ltr'>elisionem,</span> <span class='ocrx_word' id='word_1_242' title='bbox 934 2344 1190 2396; x_wconf 88' lang='lat' dir='ltr'>plerumque</span> <span class='ocrx_word' id='word_1_243' title='bbox 1217 2342 1422 2383; x_wconf 86' lang='lat' dir='ltr'>librorum</span> 
     </span>
     <span class='ocr_line' id='line_1_34' title="bbox 745 2423 781 2447; baseline 0 0"><span class='ocrx_word' id='word_1_244' title='bbox 745 2423 781 2447; x_wconf 78' lang='lat' dir='ltr'>IV</span> 
     </span>
    </p>
   </div>
  </div>
 </body>
</html>
