1658 2740
649 131 998 170 ΕΥΡΙΠΙΔΟΥ

260 237 428 289 τιμῶντέ
452 237 490 288 μ’
516 237 629 277 οὐδὲν
653 236 785 287 ἧσσον
810 232 832 285 ἦ
861 235 1083 286 Διοσκόρω·
1422 236 1487 276 465

259 306 328 350 οἷς,
357 302 386 344 ὦ
411 303 579 344 τάλαινα
606 303 743 355 καρδία
768 300 882 355 ψυχή
905 301 938 341 τ’
965 299 1052 352 ἐμή,

261 370 429 412 ἀπέδωκ’
456 371 628 421 ἀμοιβὰς
655 370 699 410 οὐ
726 368 861 410 καλάς.
931 369 1020 409 τίνα
1045 367 1190 407 σκότον

259 437 376 485 λάβω
402 438 622 492 προσώπῳ,·
661 440 776 477 ποῖον
802 436 1043 487 ἐπίπροσθεν
1068 433 1189 486 νέφος

261 507 398 555 θῶμαι,
426 503 613 556 γέροντος
638 502 822 555 ὀμμάτων
850 502 1010 555 φεύγων
1036 501 1170 553 κόρας,-

159 594 464 624 ΤΥΝΔΑΡΕΩΣ

258 658 333 694 ποῦ
357 657 432 694 ποῦ
458 653 650 706 θυγατρὸς
675 656 744 703 τῆς
770 655 864 703 ἐμῆς
890 653 958 692 ἵδω
985 652 1118 697 πόσιν,
1425 661 1491 694 470

261 719 490 767 Μενέλαοω
531 720 596 760 ἐπὶ
622 721 696 771 γὰρ
722 723 774 773 τῷ
802 717 1134 769 Κλυταιμήστρας
1158 715 1271 771 τάφῳ

259 789 358 840 χοὰς
383 787 573 840 χεόμενος
601 786 743 826 ἔκλυον
769 785 820 827 ὡς
845 786 885 826 ἐς
910 785 1124 825 Ναυπλίαν

259 854 347 904 ἥκοι
373 854 447 894 σὺν
473 853 610 908 ἀλόχῳ
639 851 835 902 πολυετὴς
861 850 1132 906 σεσῳσμένος.

259 920 377 973 ἄγετέ
400 937 460 971 με·
499 919 596 971 πρὸς
624 921 699 971 γὰρ
728 918 860 969 δεξιὰν
883 918 1000 958 αὐτοῦ
1024 917 1128 958 θέλω

261 989 358 1029 στὰς
384 986 661 1032 ἀσπάσασθαι,
693 986 852 1039 χρόνιος
878 985 1038 1026 εἰσιδὼν
1064 985 1199 1037 φίλον.
1427 996 1490 1028 475

162 1057 237 1094 Me.
265 1052 294 1094 ὦ
321 1053 493 1106 πρέσβυ,
520 1057 647 1107 χαῖρε,
680 1052 807 1103 Ζηνὸς
833 1053 1073 1103 ὁμόλεκτρον
1099 1051 1208 1104 κάρα.

159 1124 229 1161 Τυ.
257 1119 285 1161 ὦ
311 1125 425 1174 χαῖρε
451 1121 513 1161 καὶ
541 1121 604 1166 σύ,
633 1119 861 1165 Μενέλεως,
891 1118 1045 1169 κήδευμ’
1071 1119 1177 1169 ἐμόν.

327 1188 384 1228 ἔα·
421 1187 466 1227 τὸ
490 1186 641 1238 μέλλον
670 1186 721 1228 ὡς
749 1185 866 1226 κακὸν
891 1185 935 1225 τὸ
959 1184 1011 1236 μὴ
1039 1184 1196 1225 εἰδέναι.

261 1256 281 1294 ὁ
305 1254 579 1307 μητροφόντης
604 1255 669 1294 ὅδε
696 1252 771 1305 πρὸ
797 1251 986 1303 δωμάτων
1012 1250 1164 1304 δράκων

261 1323 386 1379 στίλβ
391 1339 424 1362 ει
450 1321 638 1362 νοσώδεις
665 1318 887 1378 ἀστραπάς,
918 1318 1086 1370 στύγημ’
1112 1318 1219 1369 ἐμόν.
1427 1321 1493 1361 480

262 1388 458 1434 Μενέλαε,
486 1386 754 1442 προσφθέγγῃ
779 1403 851 1432 νιν,
881 1386 1047 1426 ἀνόσιον
1073 1384 1189 1436 κάρα,-

161 1458 238 1496 Με.
266 1457 307 1496 τί
327 1454 420 1507 γάρ;
459 1456 581 1507 φίλου
605 1471 671 1505 μοι
697 1454 845 1505 πατρός
871 1454 982 1493 ἐστιν
1010 1453 1184 1504 ἔκγονος.

159 1525 230 1562 Τυ.
269 1523 398 1563 κείνου
423 1523 497 1574 γὰρ
523 1523 588 1562 ὅδε
615 1520 780 1573 πέφυκε,
808 1523 984 1561 τοιοῦτος
1009 1519 1155 1571 γεγώς,·

162 1592 238 1629 Με.
269 1588 457 1642 πέφυκεν·
497 1590 531 1629 εἰ
555 1590 597 1629 δὲ
625 1591 823 1640 δυστυχεῖ,
853 1585 1046 1637 τιμητέος.

159 1659 230 1696 Τυ.
267 1655 601 1707 βεβαρβάρωσαι,
628 1655 788 1707 χρόνιος
815 1652 868 1693 ὢν
894 1654 935 1693 ἐν
962 1651 1198 1705 βαρβάροις.
1431 1656 1493 1694 485

163 1725 241 1763 Με.
268 1722 508 1773 Ἑλληνικόν
531 1739 591 1762 τοι
615 1721 683 1761 τὸν
709 1721 852 1772 ὁμόθεν
877 1722 993 1771 τιμᾶν
1018 1720 1091 1760 ἀεί.

159 1792 229 1830 Τυ.
268 1790 331 1829 καὶ
355 1793 433 1829 τῶν
457 1790 587 1840 νόμων
611 1805 658 1841 γε
682 1788 734 1839 μὴ
761 1788 952 1840 πρότερον
978 1787 1078 1828 εἶναι
1102 1785 1247 1827 θέλειν.

162 1859 236 1897 Me.
267 1859 344 1896 πᾶν
370 1856 465 1906 τούξ
486 1855 658 1908 ἀνάγκης
684 1855 826 1895 δοῦλόν
854 1853 937 1895 ἐστ’
963 1855 1005 1894 ἐν
1030 1858 1112 1895 τοῖς
1137 1856 1294 1906 σοφοῖς.

160 1926 230 1963 Τυ.
271 1922 441 1973 κέκτησό
464 1939 533 1963 νυν
559 1922 609 1962 σὺ
634 1921 751 1968 τοῦτ’,
781 1922 858 1974 ἐγὼ
885 1920 919 1961 δ’
945 1921 990 1961 οὐ
1017 1919 1221 1971 κτήσομαι.

204 2018 267 2056 465
291 2019 448 2055 τιμῶντες
460 2017 551 2056 pc’V:
578 2027 713 2047 corr.v:
740 2018 842 2055 τιμῶν
853 2014 989 2054 τ’ἔμἈ
1057 2014 1240 2055 διοσκόρους
1251 2012 1313 2044 132:
1339 2013 1494 2054 διοσκόρω

161 2074 183 2091 ω
201 2061 234 2090 in
253 2070 367 2091 rasura
383 2060 420 2091 b:
446 2060 640 2101 &comcotfipwae
661 2060 694 2090 M
798 2061 860 2098 467
887 2057 1060 2090 ἀποδέδωκ’
1079 2058 1105 2087 L
1195 2067 1259 2096 472
1284 2056 1440 2097 χεόμενος
1460 2056 1491 2086 Μ

160 2114 223 2142 473
248 2104 317 2141 ἥκει
337 2104 364 2134 Ρ
518 2113 581 2143 475
608 2105 769 2135 ἅσπασθαι
789 2102 840 2132 V:
865 2102 1114 2133 ἀποσπάσασθαι
1133 2100 1159 2131 Ρ
1263 2100 1390 2142 χρόνιος
1409 2100 1441 2130 Μ
1461 2104 1494 2129 et

161 2148 315 2187 primitus
333 2147 360 2177 B
377 2159 384 2178 ε
408 2148 539 2188 χρόνιον
555 2146 625 2176 AV
638 2147 663 2176 L
677 2147 702 2176 P
716 2146 757 2176 Β1
778 2147 831 2176 vel
850 2145 893 2175 Β2
983 2146 1047 2183 476
1071 2144 1093 2175 ὦ
1113 2147 1203 2185 χαῖρε
1220 2144 1345 2185 πρέσβυ
1364 2143 1493 2174 Porson

161 2193 224 2228 478
249 2193 346 2222 κακὸν
361 2192 404 2230 μὴ
424 2191 451 2221 Β
545 2201 681 2221 versum
699 2190 762 2220 del.
785 2191 820 2221 ἔα
836 2190 907 2219 solo
927 2189 1044 2219 relicto
1062 2187 1242 2218 Wecklein
1339 2187 1399 2225 481
1420 2186 1493 2218 ἀκοί-

162 2238 276 2275 θαρτον
293 2235 372 2275 κάρα
389 2249 441 2277 γρ.
461 2239 485 2268 Σ
590 2236 653 2272 484
678 2234 831 2273 μισητέος
850 2243 1019 2272 suprascr.
1041 2244 1060 2263 v
1164 2233 1226 2270 485
1252 2234 1285 2263 ἐν
1301 2229 1491 2272 βαρβάροις]

163 2278 216 2317 ἀφ’
235 2279 373 2310 ἑλλάδος
391 2292 440 2319 γρ.
461 2278 492 2308 Μ
508 2289 527 2308 v
545 2282 578 2308 et
594 2278 752 2317 Apollon.
771 2277 832 2316 Ty.
854 2277 959 2316 Epist.
981 2287 1023 2316 34
1142 2277 1207 2315 486
1229 2274 1296 2315 τοι]
1313 2288 1345 2306 τι
1361 2274 1392 2304 Α
1410 2278 1443 2303 et
1461 2274 1493 2303 in

162 2330 283 2394 rzgsuran
301 2322 325 2351 P
366 2366 407 2395 dd
423 2323 486 2360 487
512 2322 569 2354 τὸν
587 2322 620 2352 in
637 2324 701 2353 τῶν
718 2326 905 2352 correctum
923 2321 954 2351 V
1044 2321 1106 2359 488
1131 2321 1224 2353 πάντ’
1242 2317 1440 2359 οὐξανάγκης
1459 2316 1491 2346 Μ

161 2375 180 2401 4
205 2374 224 2403 9
250 2378 304 2396 νυν
322 2376 361 2395 CO
413 2390 418 2396 .
