1658 2740
659 158 944 195 ΟΡΕΣἸἨΣ

234 262 254 302 ὃ
280 262 311 301 δ’
339 261 427 302 εἶπ’·
465 261 662 313 Ὀρέστην
690 266 817 302 κεῖνον
843 261 913 314 οὐχ
940 262 1032 316 ὁρᾷς
1058 261 1182 304 πέλας

236 329 446 381 στείχοντ’,
475 331 609 382 ἀγῶνα
636 329 856 379 θανάσιμον
879 329 1170 380 δραμούμενον;

300 397 375 447 ὁρῶ
402 395 434 435 δ’
458 395 632 436 ἄελπτον
657 395 800 448 φάσμ’,
828 394 848 435 ὃ
871 394 1016 446 μήποτ’
1043 396 1215 448 ὤφελον,

236 463 426 513 Πυλάδην
449 480 493 504 τε
518 464 580 503 καὶ
607 462 680 502 σὸν
705 462 906 514 σύγγονον
932 462 1134 516 στείχονθ’
1159 464 1265 514 ὁμοῖν,
1399 469 1462 499 880

233 531 303 570 τὸν
326 532 399 581 μὲν
425 531 579 581 κατηφῆ
607 529 669 569 καὶ
694 528 931 580 παρειμένον
957 530 1078 583 νόσῳ,

234 597 304 636 τὸν
327 596 360 636 δ’
385 595 480 635 ὥστ’
507 594 684 647 ἀδελφὸν
708 596 779 635 ἵσα
804 598 910 650 φίλῳ
935 597 1196 647 λυπούμενον,

233 664 387 713 νόσημα
414 662 624 712 κηδεύοντα
648 664 909 717 παιδαγωγίᾳ.

233 729 317 770 ἐπεὶ
342 731 384 770 δὲ
408 728 561 781 πλήρης
585 728 733 781 ἐγένετ’
758 728 950 782 Ἀργείων
975 731 1111 782 ὄχλος,

234 795 355 849 κῆρυξ
374 796 550 838 ἀναστὰς
574 795 672 837 εἶπε·
710 798 781 838 Τίς
806 795 936 854 χρῄζει
961 797 1107 849 λέγειν,
1399 802 1459 841 885

232 864 398 915 πότερον
423 862 619 916 Ὀρέστην
645 866 851 904 κατθανεῖν
876 861 898 914 ἦ
924 864 975 915 μὴ
1002 864 1142 917 χρεών,

231 933 588 982 μητροκτονοῦντα,-

601 998 694 1037 κάπὶ
719 997 808 1052 τῷδ’
834 998 1040 1038 ἀνίσταται

231 1064 474 1115 Ταλθύβιος,
500 1062 543 1105 ὃς
568 1068 626 1118 σῷ
651 1064 769 1115 πατρὶ
794 1065 1029 1116 συνεπόρθει
1053 1065 1224 1117 Φρύγας.

232 1130 344 1181 ἔλεξε
369 1130 415 1176 δ’,
441 1129 515 1171 ὑπὸ
541 1133 623 1171 τοῖς
647 1130 924 1181 δυναμένοισιν
950 1130 1003 1171 ὣν
1027 1132 1100 1176 ἀεί,

233 1197 438 1250 διχόμυθα,
464 1196 613 1248 πατέρα
637 1199 708 1247 μὲν
734 1196 809 1237 σὸν
835 1198 1167 1250 ἐκπαγλούμενος,
1396 1204 1460 1243 892

233 1262 307 1304 σὸν
331 1262 364 1303 δ’
389 1263 457 1304 οὐκ
483 1264 654 1304 ἐπαινῶν
680 1264 894 1316 σύγγονον,
922 1265 1066 1307 καλοὺς
1092 1264 1232 1306 κακοὺς

230 1330 375 1382 λόγους
400 1331 589 1376 ἑλίσσων,
616 1330 678 1371 ὅτι
703 1333 911 1382 καθισταίη
936 1332 1079 1383 νόμους

232 1397 272 1438 ἐς
295 1396 384 1438 τοὺς
408 1397 592 1439 τεκόντας
612 1397 657 1437 οὐ
682 1397 838 1439 καλούς·
875 1398 919 1439 τὸ
943 1398 977 1438 δ’
1003 1398 1094 1451 ὄμμ’
1118 1398 1178 1439 ἀεὶ

232 1463 462 1516 φαιδρωπὸν
487 1464 615 1504 ἐδίδου
638 1467 768 1505 τοῖσιν
793 1466 986 1518 Αἰγίσθου
1010 1466 1159 1518 φίλοις.

296 1529 340 1570 τὸ
366 1532 440 1582 γὰρ
465 1529 580 1583 γένος
604 1535 792 1572 τοιοῦτον’
832 1533 895 1572 ἐπὶ
920 1531 988 1572 τὸν
1013 1533 1157 1585 εὐτυχῆ
1397 1537 1458 1577 895

230 1596 382 1648 πηδῶσ’
409 1597 468 1638 ἀεὶ
495 1597 668 1650 κήρυκες·
706 1599 771 1639 ὅδε
796 1598 829 1638 δ’
856 1599 987 1640 αὐτοῖς
1012 1600 1145 1652 φίλος,

232 1662 275 1706 ὃς
299 1662 348 1704 ἂν
373 1663 533 1715 δύνηται
557 1665 702 1707 πόλεος
728 1664 770 1706 ἕν
794 1665 827 1705 τ’
854 1666 1042 1718 ἀρχαῖσιν
1065 1664 1100 1722 ᾗ.

298 1731 361 1771 ἐπὶ
386 1733 484 1785 τῷδε
511 1730 542 1770 δ’
567 1731 730 1784 ἠγόρευε
755 1730 957 1782 Διομήδης
980 1731 1092 1782 ἄναξ.

232 1797 344 1839 οὗτος
371 1801 526 1838 κτανεῖν
550 1800 623 1848 μὲν
647 1799 735 1838 οὔτε
762 1800 809 1838 σὲ
833 1799 924 1840 οὔτε
948 1799 1147 1852 σύγγονον

233 1866 306 1911 εἴα,
337 1869 444 1920 φυγῇ
469 1866 510 1904 δὲ
539 1864 766 1914 ζημιοῦντας
792 1864 990 1916 εὐσεβεῖν.
1395 1878 1459 1909 900

233 1931 506 1983 ἐπερρόθησαν
532 1930 565 1970 δ’
591 1930 627 1970 οἳ
651 1933 724 1982 μὲν
751 1931 801 1972 ὡς
827 1935 956 1974 καλῶς
979 1931 1106 1984 λέγοι,

232 1998 266 2038 οἳ
292 1997 325 2037 δ’
350 1997 417 2037 οὐκ
442 1995 623 2054 ἐπῄνουν.

631 2064 724 2105 κάπὶ
748 2063 838 2119 τῷδ’
864 2065 1070 2105 ἀνίσταται

172 2158 238 2198 879
262 2158 383 2190 ἄελπον
401 2157 433 2187 Μ
525 2156 645 2198 φάσμ’]
664 2156 753 2196 θαῦμ’
770 2156 800 2186 V
914 2157 985 2188 880·
1003 2156 1037 2189 δὲ
1054 2159 1104 2190 καὶ
1125 2158 1149 2188 L
1268 2158 1332 2187 882
1358 2157 1458 2198 φίλῳ]

132 2202 228 2242 φίλον
246 2201 278 2231 Μ
390 2202 453 2239 884
480 2200 589 2241 γένετ’
605 2199 638 2230 Α
749 2201 814 2231 888
839 2200 1016 2238 συνεπόρθη
1033 2201 1064 2231 V
1174 2201 1238 2240 889
1261 2203 1328 2233 τοῖς
1347 2211 1412 2232 om.
1429 2201 1460 2231 A

131 2245 314 2284 δυναμένοις
333 2244 359 2274 Ρ
455 2245 516 2283 891
542 2244 661 2276 καλοὺς
679 2243 863 2282 Harmng:
888 2246 998 2276 καλοῖς
1016 2245 1112 2275 codd.
1140 2259 1143 2261 “
1203 2245 1266 2283 893
1293 2243 1341 2284 ἐς]
1359 2246 1388 2276 εἰ
1404 2244 1437 2274 Μ
1453 2257 1458 2275 1

131 2290 174 2321 εἷς
194 2287 243 2318 M²
374 2288 439 2326 896
463 2289 607 2321 ὅδαυτοῖς
626 2287 653 2317 L
800 2288 862 2327 897
887 2287 1003 2321 πόλεος
1022 2288 1053 2318 Μ
1068 2287 1098 2317 Α
1112 2288 1138 2317 Β
1158 2299 1164 2318 :
1187 2288 1312 2320 πόλεως
1327 2288 1395 2318 VL
1407 2288 1460 2318 Pb

130 2332 195 2370 898
219 2334 300 2372 τῷδε
319 2329 362 2371 δ’]
382 2331 456 2372 τῷδ’
474 2331 499 2361 L
587 2330 747 2372 ἠγόρευσε
763 2330 794 2361 V
911 2332 975 2371 899
1001 2332 1030 2363 σ’
1049 2331 1121 2363 οὐδὲ
1140 2331 1171 2361 Μ
1264 2341 1328 2369 900
1353 2334 1412 2363 εἴαι
1431 2331 1458 2361 Β

129 2384 189 2413 901
217 2376 289 2407 λαοὶ
307 2377 334 2405 δ’
352 2373 568 2416 ἐπερρόθησαν
586 2374 613 2403 Β
626 2374 663 2414 L,
684 2375 725 2405 cf.
747 2374 832 2405 Hec.
854 2383 915 2413 553
1017 2374 1044 2406 δ’
1062 2376 1091 2406 οἳ
1105 2374 1165 2414 μὲν
1181 2374 1212 2404 Α
1225 2375 1250 2404 Ρ
1264 2374 1311 2405 Μ2
1326 2385 1332 2405 2
1357 2375 1460 2415 οἱμὲν

131 2417 164 2448 Μ
179 2417 208 2448 V
297 2417 407 2459 λέγοι]
425 2417 518 2458 λέγει
536 2417 563 2447 V
576 2418 600 2447 L
618 2429 625 2448 :
649 2428 731 2450 corr.
750 2429 769 2448 v
901 2428 965 2457 902
991 2418 1082 2458 κάπὶ]
1102 2419 1150 2449 ἐπὶ
1169 2418 1203 2450 δὲ
1219 2417 1249 2447 V
