1658 2740
371 123 698 160 ΙΦΙΓΕΝΕΙΑ
749 123 780 159 11
836 124 905 160 EN
957 124 1171 161 ΑΥᾹΙΔΙ

209 225 360 277 ἔλαφος
385 227 460 278 γὰρ
484 225 721 277 ἁσπαίρουσ’
747 225 860 266 ἔκειτ’
886 226 948 265 ἐπὶ
973 227 1087 278 χθονὶ

210 293 305 332 ἰδεῖν
329 293 497 344 μεγίστη
524 291 738 344 διαπρεπής
763 309 803 332 τε
829 291 900 342 τὴν
926 291 1030 338 θέαν,

207 358 251 408 ἧς
276 359 409 409 αἵματι
433 358 569 410 βωμὸς
595 358 758 410 ἐραίνετ’
784 358 904 410 ἄρδην
929 361 996 408 τῆς
1023 361 1124 399 θεοῦ.

209 426 278 465 κάν
303 427 399 480 τῷδε
427 425 591 478 Κάλχας
615 428 696 466 πῶς
722 427 848 466 δοκεῖς
873 426 1023 478 χαίρων
1049 425 1140 477 ἔφη·
1350 440 1430 471 1590

202 490 258 530 ³52
284 492 385 531 τοῦδ’
411 491 585 545 Ἀχαιῶν
612 492 784 544 κοίρανοι
811 495 939 532 κοινοῦ
964 496 1148 544 στρατοῦ,

207 559 319 609 ὁρᾶτε
344 557 457 608 τήνδε
483 559 636 604 θυσίαν,
665 557 713 608 ἣν
738 559 760 608 ἡ
788 558 874 600 θεὸς

207 624 400 675 προύθηκε
423 626 593 675 βωμίαν,
621 625 773 676 ἔλαφον
798 626 1044 676 ὀρειδρόμον;

204 691 347 741 ταύτην
371 690 548 741 μάλιστα
572 693 640 742 τῆς
666 692 780 743 κόρης
805 691 1031 741 ἀσπάζεται,

205 757 255 798 ὡς
279 756 330 806 μὴ
355 756 474 814 μιάνῃ
499 757 637 809 βωμὸν
663 758 814 810 εὐγενεῖ
835 759 959 813 φόνῳ.
1348 772 1426 804 1595

203 823 325 873 ἡδέως
350 841 391 864 τε
416 824 517 864 τοῦτ’
544 824 715 876 ἐδέξατο,
744 825 806 865 καὶ
832 829 956 865 πλοῦν
982 826 1112 876 οὔριον

204 890 366 931 δίδωσιν
390 891 482 941 ἡμῖν
507 890 628 932 Ἰλίου
652 891 684 930 τ’
710 891 934 944 ἐπιδρομάς.

203 956 299 1007 πρὸς
323 960 444 997 ταῦτα
468 960 543 1000 πᾶς
568 975 626 1000 τις
651 957 797 1009 θάρσος
823 957 906 1010 αἶρε
931 957 1142 1008 ναυβάτης,

202 1023 322 1076 χώρει
346 1040 389 1064 τε
414 1024 510 1076 πρὸς
533 1028 640 1065 ναῦν·
679 1025 729 1067 ὡς
753 1024 877 1078 ἡμέρᾳ
900 1027 991 1082 τῇδε
1015 1027 1076 1065 δεῖ

201 1090 391 1132 λιπόντας
414 1090 514 1141 ἡμᾶς
540 1090 707 1133 Αὐλίδος
734 1092 886 1133 κοίλους
909 1091 1058 1145 μυχοὺς
1344 1095 1427 1127 1600

204 1156 368 1208 Αἴγαιον
393 1156 508 1208 οἶδμα
533 1159 732 1208 διαπερᾶν.

755 1223 840 1264 ἐπεὶ
865 1223 898 1262 δ’
924 1222 1027 1264 ἅπαν

204 1289 507 1341 κατηνθρακώθη
534 1288 620 1340 θῦμ’
646 1290 688 1330 ἐν
712 1289 943 1342 ξΗφαίστου
969 1291 1106 1342 φλογί,

202 1356 250 1394 τὰ
274 1355 474 1408 πρόσφορ’
501 1354 648 1406 ηὔξαθ’,
677 1356 728 1398 ὡς
751 1357 866 1409 τύχοι
889 1354 1033 1397 νόστου
1059 1354 1238 1408 στρατός.

201 1420 345 1471 πέμπει
370 1421 402 1461 δ’
429 1420 687 1474 Ἀγαμέμνων
711 1422 749 1473 μ’
774 1423 878 1463 ὥστε
905 1440 971 1463 σοι
995 1421 1149 1475 φράσαι
1172 1423 1278 1471 τάδε,

200 1486 336 1539 λέγειν
361 1487 396 1527 θ’
424 1489 560 1530 ὁποίας
585 1490 626 1528 ἐκ
653 1490 751 1529 θεῶν
775 1489 911 1541 μοίρας
938 1493 1045 1541 κυρεῖ
1342 1494 1422 1534 1605

202 1554 264 1593 καὶ
291 1552 410 1604 δόξαν
434 1554 556 1608 ἔσχεν
580 1554 750 1606 ἄφθιτον
776 1555 859 1594 καθ’
885 1554 1074 1595 Ἑλλάδα.

201 1620 279 1672 ἐγὼ
303 1618 434 1672 παρὼν
458 1622 500 1661 δὲ
529 1621 589 1660 καὶ
615 1620 659 1660 τὸ
684 1620 829 1673 πρᾶγμ’
855 1621 955 1673 ὁρῶν
980 1621 1099 1673 λέγω·

191 1686 222 1736 ἡ
250 1690 341 1728 παῖς
366 1690 507 1738 σαφῶς
537 1703 603 1726 σοι
627 1685 723 1738 πρὸς
748 1686 859 1729 θεοὺς
884 1688 1096 1739 ἀφίπτατο.

264 1753 391 1803 λύπης
415 1752 447 1792 δ’
474 1753 634 1806 ἀφαίρει
665 1753 726 1793 καὶ
750 1751 868 1794 πόσει
895 1753 1015 1805 πάρες
1039 1752 1178 1807 χόλον·

199 1817 475 1872 ἀπροσδόκητα
498 1822 540 1861 δὲ
564 1823 725 1872 βροτοῖς
750 1821 798 1860 τὰ
822 1824 900 1860 τῶν
925 1823 1035 1866 θεῶν,
1344 1825 1425 1857 1610

145 1914 227 1953 1588
247 1925 298 1954 sq.
318 1915 489 1956 διαπρεπής
507 1913 543 1953 θ’,
563 1913 600 1952 ἧς
618 1915 725 1953 αἵματι
746 1913 750 1953 Ι
773 1913 927 1954 ἐρραίνετ’
948 1912 1045 1954 ἄρδην
1059 1914 1163 1952 βωμὸς
1180 1912 1339 1954 (ἀγραίας)
1355 1917 1424 1945 θεοῦ

102 1957 316 1988 Her-werden
399 1959 482 1997 1589
501 1957 632 1999 ἐραίνετ’
649 1957 804 1996 primitus
817 1957 843 1986 P
859 1968 865 1986 :
886 1955 1037 1997 ἐρραίνετ’
1053 1956 1079 1985 L
1094 1955 1134 1986 1³²
1218 1966 1299 1996 1592
1314 1957 1425 1998 ῥυσίαν

99 2000 279 2032 Semitelos
379 2001 415 2042 ἦ]
434 2004 450 2032 ὁ
467 2000 621 2040 primitus
634 2000 659 2030 L
798 2008 877 2038 1593
905 2000 1015 2038 possis
1033 2001 1207 2040 προῦθηκεν
1226 2000 1348 2039 ἔλαφον
1363 2005 1424 2037 βω-

98 2044 172 2083 μίαν
188 2044 368 2086 ὀρειδρόμον
438 2045 560 2084 βωμίαν
574 2044 600 2073 L
616 2055 622 2074 :
648 2044 753 2081 βωμία
767 2043 793 2073 Ρ
887 2052 969 2082 1594
994 2043 1105 2081 possis
1121 2042 1242 2080 ταύτην
1256 2043 1333 2082 μάλ’
1352 2044 1424 2075 εἰκὼ

98 2087 243 2126 μάλιστα
259 2090 317 2125 τῆς
334 2087 429 2129 κόρης
447 2087 653 2119 ἀλλάσσεται
670 2087 763 2117 Weil
930 2095 1012 2126 1595
1044 2086 1138 2127 μιαίνῃ
1155 2096 1271 2125 apogr.
1293 2085 1397 2117 Paris.
1417 2098 1424 2117 ε

97 2129 201 2169 μιάνοι
220 2130 246 2160 L
259 2130 284 2160 P
408 2132 490 2169 1596
513 2130 616 2172 οὕριόν
631 2144 668 2162 τε
685 2132 787 2162 πλοῦν
805 2129 993 2160 Firnhaber
1122 2130 1206 2168 1598
1222 2130 1341 2171 ταρσὸν
1357 2130 1423 2171 αἶρε

99 2172 279 2203 Wecklein
370 2174 417 2213 αΐρ
436 2175 486 2205 καὶ
504 2173 640 2211 ναυάτης
657 2173 812 2213 primitus
832 2173 858 2203 P
876 2208 884 2216 ι
996 2182 1079 2212 1599
1105 2174 1145 2205 ὣς
1158 2172 1229 2204 δέον
1239 2173 1307 2214 τῇδ’
1323 2173 1424 2214 ἡμέρᾳ

98 2216 275 2247 Markland
291 2228 298 2247 :
322 2219 372 2248 δεῖ
390 2216 423 2249 δὲ
440 2218 509 2259 τῇδ’
525 2219 560 2248 ἐν
576 2216 676 2258 ἡμέρᾳ
692 2216 872 2247 Wecklein
987 2217 1069 2254 1604
1096 2215 1122 2248 δ’
1148 2215 1371 2257 Ἀγαμέμνων]
1389 2216 1423 2248 δὲ

99 2261 252 2297 βασιλεὺς
268 2259 361 2290 Weil
486 2262 568 2299 1605
587 2259 713 2301 λέγειν]
731 2260 808 2301 κόρη
826 2259 917 2290 Weil
1050 2261 1130 2298 1607
1157 2259 1192 2291 δὲ
1211 2259 1252 2289 L2
1268 2270 1275 2289 ε
1303 2273 1339 2291 τε
1358 2260 1383 2289 L
1396 2259 1423 2289 P

102 2304 182 2333 1608
207 2302 369 2335 ἀπέπτετο
385 2302 500 2334 Vitelli
604 2304 687 2342 1609
712 2302 814 2341 λύπης
831 2302 859 2334 δ’
877 2303 961 2344 ἀφίει
977 2302 1089 2334 Weil:
1116 2302 1219 2335 λύπας
1239 2301 1266 2334 δ’
1290 2304 1421 2344 ἀφαιροῦ

99 2346 210 2377 Bothe
345 2347 426 2379 1610
448 2345 497 2387 ak]
513 2346 560 2385 δή,
581 2360 640 2386 τοι,
659 2347 720 2387 γὰρ
737 2357 788 2378 νν.
804 2346 893 2379 docti
982 2349 1130 2387 βροτοῖσι
1150 2346 1176 2376 L
1190 2345 1216 2375 P

185 2410 266 2432 EUR.
286 2411 336 2432 111.
1291 2402 1330 2433 23
