1658 2740
662 109 945 145 OPEETHE

302 214 347 252 τὰ
373 214 444 263 μὲν
471 215 545 264 γὰρ
571 212 655 251 οἶδα
683 214 901 264 συμφορᾶς,
930 214 975 250 τὰ
1003 211 1034 249 δ’
1061 212 1104 251 οὐ
1131 215 1283 263 σαφῶς.
1381 214 1462 254 1360

147 340 204 346 --
503 315 563 353 ’διὰ
589 314 698 354 δίκας
723 312 801 363 ἔβα
826 314 924 352 θεῶν

567 378 725 430 νέμεσις
751 379 790 420 ἐς
814 377 998 418 Ἑλέναν.

476 447 487 461 Ι
625 447 637 458 x
693 445 702 458 Q
812 444 819 459 Ι
848 444 857 458 3
888 444 903 459 e!
1074 444 1088 458 'l

369 450 569 498 δακρύοισι
595 463 670 498 γαρ
707 448 845 485 Ελλαδ
883 460 1044 485 απασαν
1069 448 1235 493 επλησε,

435 514 498 552 διὰ
521 512 590 552 τὸν
615 512 809 563 ὀλόμενον
834 512 1027 562 ὀλόμενον
1052 510 1195 550 Ἰδαῖον

436 578 576 631 Πάριν,
604 577 646 620 ὃς
671 577 788 630 ἄγαγ’
814 577 978 618 Ἑλλάδ’
1005 579 1059 618 εἷς
1078 575 1219 618 Ἴλιον.
1380 582 1460 621 1365

229 705 286 712 --
433 675 554 730 [ἀλλὰ
582 682 721 719 κτυπεῖ
741 679 816 730 γὰρ
842 680 992 735 κλῇθρα
1015 677 1240 728 βασιλείων
1265 677 1409 729 δόμων,

433 744 634 797 σιγήσατ’·
673 743 746 795 ἔξω
772 744 847 796 γάρ
871 761 930 786 τις
957 745 1134 795 ἐκβαίνει
1159 747 1341 796 Φρυγῶν,

434 812 478 851 οὗ
503 813 759 862 πευσόμεσθα
784 812 856 852 τάν
882 812 1016 862 δόμοις
1040 812 1146 852 ὅπως
1172 809 1284 864 ἔχει.]

133 893 258 923 ΦΡΥΞ

434 952 615 1004 Ἀργέϊον
640 951 757 1005 ξίφος
782 953 824 992 ἐκ
850 951 1021 992 θανάτου
1047 952 1227 1005 πέφευγα

499 1017 723 1070 βαρβάροις
748 1018 967 1071 ‹3ng
1379 1031 1462 1062 1370

275 1079 320 1191 ἐι
346 1101 447 1138 gg),
474 1086 647 1136 κεδρωτὰ
671 1084 887 1125 παστάδων
910 1085 1008 1136 ὑπὲρ
1033 1084 1206 1137 τέραμνα

271 1175 284 1191 -ι
377 1164 380 1165 ’
501 1150 682 1203 Δωρικάς
705 1167 748 1192 τε
771 1151 1026 1204 τριγλύφους,

501 1219 653 1270 φροῦδα
676 1219 841 1269 φροῦδα,
867 1220 919 1269 γᾶ
943 1220 1008 1270 γᾶ,

499 1283 748 1336 βαρβάροισι
760 1286 976 1339 δρασμοῖς.

569 1351 663 1391 αἰαῖ·
1379 1362 1461 1395 Ι375

431 1417 487 1472 πᾷ
511 1417 638 1470 φύγω,
666 1415 789 1467 ξέναι,
817 1419 961 1457 πολιὸν
985 1414 1107 1468 αἰθέρ’
1131 1416 1203 1467 ἆμ-

434 1482 631 1535 πτάμενος
654 1480 678 1533 ἢ
705 1483 866 1529 πόντον,
894 1481 1088 1524 Ὠκεανὸς
1111 1481 1157 1524 ὃν

492 1549 763 1608 Ηέρόκρανρς.
788 1548 982 1602 ἀγκάλαις

501 1616 681 1657 ἑλίσσων
707 1620 846 1657 κυκλοῖ
866 1615 1015 1669 χθόνα,·

134 1684 208 1721 Χο.
433 1684 474 1724 τί
495 1682 528 1723 δ’
554 1682 679 1728 ἔστιν,
706 1681 875 1732 Ἑλένης
900 1680 1112 1734 πρόσπολ’.
1138 1680 1282 1722 Ἰδαῖον
1308 1680 1423 1734 κάρα;

135 1751 210 1800 Φρ.
429 1747 557 1789 Ἴλιον
573 1748 715 1795 Ἴλιον,
743 1748 841 1799 ὤμοι
865 1764 943 1799 μοι,
1383 1752 1461 1792 1381

436 1815 612 1867 Φρύγιον
636 1814 737 1855 ἄστυ
763 1814 826 1854 καὶ
851 1815 1111 1865 καλλίβωλον
1129 1812 1186 1853 ’‘I-

182 1906 266 1945 1360
295 1906 338 1938 τὰ
360 1905 419 1946 μὲν
434 1930 441 1938 .
456 1929 464 1936 .
483 1907 543 1938 ,τὰ
567 1906 594 1938 δ’
614 1906 646 1936 Μ
669 1907 729 1944 (et,
748 1906 783 1936 ni
809 1905 918 1946 fallor,
945 1906 985 1944 Σ)
1006 1906 1066 1936 sed
1091 1905 1246 1944 primitus
1267 1907 1324 1939 τὰς
1337 1930 1344 1938 .
1360 1930 1367 1936 .
1386 1907 1463 1939 κτὰς

136 1949 270 1980 habuit:
293 1950 351 1981 τὰς
363 1973 369 1980 .
381 1972 388 1979 .
402 1973 409 1979 .
423 1951 480 1982 τὰς
492 1948 541 1979 Μ2
551 1948 583 1978 A
595 1949 622 1979 B
635 1949 661 1979 L
673 1949 698 1979 P
789 1950 952 1990 συμφορὰς
967 1948 1016 1978 M²
1026 1948 1057 1978 A
1068 1948 1095 1978 B
1109 1949 1135 1978 L
1147 1948 1193 1979 P:
1219 1959 1282 1980 om.
1298 1949 1330 1979 M
1349 1961 1355 1980 z
1377 1960 1461 1980 corr.

135 1992 318 2023 Wecklein
445 1993 524 2031 1361
552 1998 609 2024 Xo.
630 1992 735 2031 praef.
756 1991 789 2021 M
804 1992 837 2022 A
848 1991 876 2022 B
888 1992 914 2021 L
927 1991 954 2022 P
1079 1993 1160 2030 1363
1186 1991 1315 2024 ἅπασαν
1330 1992 1362 2022 Α
1374 1993 1402 2022 Β
1416 1993 1441 2022 L
1456 2004 1462 2023 :

137 2036 220 2067 ἅπαν
246 2035 300 2066 M:
333 2034 440 2067 πάσαν
469 2034 518 2065 M²
546 2035 623 2075 (sic)
733 2037 841 2067 πᾶσαν
869 2033 984 2067 ελλάδ’
1008 2034 1035 2064 Ρ
1195 2037 1277 2074 1365
1310 2037 1407 2077 ἤγαγ’
1437 2036 1464 2065 L

139 2078 329 2118 1366-1368
362 2088 430 2108 non
456 2077 626 2118 Euripidis
653 2078 714 2109 sed
747 2078 950 2109 histrionum
978 2088 1054 2108 esse
1082 2078 1255 2109 contendit
1282 2083 1317 2117 Σ,
1343 2080 1394 2111 ἵνα
1420 2081 1462 2119 μὴ

137 2124 359 2154 κακοπαθῶσιν
390 2122 452 2153 ἀπὸ
489 2124 555 2153 τῶν
590 2121 768 2158 βασιλείων
803 2121 907 2159 δόμων
945 2121 1191 2160 καθαλλόμενοι,
1224 2121 1263 2153 cl.
1302 2132 1380 2161 1371
1413 2132 1463 2161 Sq.

141 2166 224 2204 1366
256 2167 379 2206 κλῆθρα
404 2163 452 2195 M1
464 2163 492 2194 B
508 2175 515 2195 ε
547 2167 677 2206 κλεῖθρα
701 2164 734 2194 Μ
747 2163 910 2195 M2ALP
1079 2166 1162 2203 1368
1193 2164 1376 2204 πευσόμεθα
1400 2165 1425 2195 L
1438 2165 1464 2195 P

138 2213 172 2239 et
196 2208 338 2238 sortasse
364 2207 397 2237 M
558 2209 641 2246 1369
672 2208 800 2249 ἆργεῖον
823 2207 919 2238 codd.
1082 2217 1165 2246 1370
1195 2208 1406 2249 βαρβάροισιν
1431 2208 1464 2239 Μ

139 2254 173 2283 ἐν
190 2261 254 2282 om.
275 2251 307 2281 A
325 2251 456 2291 <habuit
473 2250 588 2290 Etym.
606 2250 720 2290 Magn.
738 2261 770 2290 p.
789 2260 864 2290 393.
887 2250 941 2292 18)
1097 2260 1175 2290 1371
1201 2251 1340 2293 τέρεμνα
1356 2251 1388 2281 Α
1400 2252 1426 2281 L
1439 2251 1466 2281 P

142 2304 224 2334 1375
249 2293 331 2335 ξένοι
349 2303 516 2334 suprascr.
538 2294 571 2324 in
588 2293 620 2323 M
727 2303 807 2333 1377
834 2294 973 2325 ὠκεανὸν
990 2293 1016 2323 L
1120 2295 1203 2332 1378
1227 2294 1403 2335 ἀγκάλαισι
1419 2294 1464 2324 Al

138 2338 193 2368 vel
209 2337 255 2367 Α2
390 2347 472 2376 1379
495 2339 612 2369 κυκλοῖ
624 2335 657 2366 Α
669 2336 695 2366 L
711 2347 718 2367 :
742 2339 858 2368 κυκλεῖ
873 2336 905 2366 Μ
918 2337 946 2367 Β
959 2336 985 2366 Ρ
1133 2338 1215 2376 1380
1241 2338 1309 2369 ἔστ’
1328 2338 1381 2368 vel
1399 2338 1465 2370 ἔσθ’

141 2381 238 2411 codd.
372 2381 455 2418 1382
479 2382 528 2412 καὶ
548 2379 600 2410 M:
626 2390 690 2410 om.
711 2378 781 2410 AB
796 2380 821 2410 L
834 2379 860 2409 P
949 2380 1154 2417 καλλίβωλον
1173 2381 1205 2410 Μ
