1658 2740
671 146 996 183 ΦΟΙΝΙΣΣΑΙ

271 247 533 300 τετρωμένους
562 247 594 288 δ’
622 249 759 289 ἰδοῦσα
786 249 956 300 καιρίους
982 250 1145 300 σφαγὰς

270 314 441 369 ᾤμωξεν·
474 314 533 355 Ἷὶ
558 314 675 360 τέκν’,
702 313 849 366 ὑστέρα
872 315 1098 367 βοηδρόμος

270 380 442 433 πάρειμι.
581 382 879 434 προσπίτνουσα
904 380 936 421 δ’
961 382 1003 421 ἐν
1026 381 1136 433 μέρει
1160 381 1278 422 τέκνα

270 446 406 494 ἔκλαι’,
434 446 598 501 ἐθρήνει,
626 447 694 488 τὸν
719 446 845 488 πολὺν
869 451 1033 499 μαστῶν
1058 448 1180 488 πόνον

271 513 470 561 στένουσ’,
498 513 653 567 ἀδελφή
679 514 713 553 θ’
738 515 760 565 ἡ
787 513 1078 566 παρασπίζουσ’
1103 515 1212 566 ὁμοῦ·
1411 529 1447 560 ¹4
1456 529 1492 560 35

265 579 322 620 Ἰ),
348 581 587 633 γηροβοσκὼ
611 581 768 633 μητρός,
795 578 825 620 ὦ
850 579 999 633 γάμους
1023 580 1139 633 ε’μοὺς

269 647 449 700 προδόντ’
473 648 637 700 ἀδελφὼ
663 646 857 700 φιλτάτω.
994 647 1170 700 στέρνων
1195 648 1229 689 δ’
1253 648 1331 689 ἄπο

269 713 420 766 φύσημ’
444 714 550 756 ἀνεὶς
574 713 796 764 δύσθνητον
822 714 1037 764 Ἐτεοκλῆς
1061 714 1163 764 ἄναξ

267 779 411 831 ἤκουσε
435 781 592 833 μητρός,
621 781 798 823 κάπιθεὶς
823 782 946 833 ὑγρὰν
971 781 1070 834 χέρα

267 847 407 899 φωνην
431 850 504 899 μὲν
530 847 597 888 οὐκ
624 849 789 899 ἀφῆκεν,
816 847 1000 899 ὀμμάτων
1025 847 1058 888 δ’
1084 848 1162 888 ἄπο
1402 863 1490 895 1440

268 917 462 966 προσεῖπε
487 914 678 967 δακρύοις,
707 914 810 955 ὥστε
836 917 1009 966 σημῆναι
1036 916 1148 967 φίλα.

268 980 288 1019 ὃ
313 980 346 1020 δ’
371 979 418 1031 ἦν
444 980 496 1021 ἔτ’
522 981 703 1031 ἔμπνους,
731 984 826 1033 πρὸς
852 980 1093 1035 κασιγνήτην
1118 981 1150 1021 δ’
1177 982 1268 1023 ἰδὼν

266 1046 406 1099 γραῖάν
430 1064 473 1088 τε
496 1046 630 1099 μητέρ’
656 1046 740 1087 εἶπε
766 1048 1012 1098 Πολυνείκης
1036 1047 1140 1089 τάδε·

267 1112 574 1164 Ἀπωλόμεσθα,
599 1115 734 1166 μῆτερ·
772 1114 927 1166 οἰκτίρω
952 1115 995 1155 δὲ
1020 1116 1068 1155 σὲ

265 1180 328 1220 καὶ
353 1178 458 1230 τήνδ’
484 1178 664 1232 ἀδελφὴν
689 1180 751 1221 καὶ
777 1180 1017 1233 κασίγνητον
1042 1182 1193 1232 νεκρόν.
1404 1194 1462 1227 144
1471 1194 1487 1225 5

261 1246 381 1299 φίλος
405 1247 480 1299 γὰρ
505 1245 646 1300 ἐχθρὸς
672 1245 833 1299 ἐγένετ’,
859 1246 951 1287 ἀλλ’
975 1248 1079 1299 ὅμως
1103 1249 1235 1299 φίλος.

264 1312 398 1366 θάψον
422 1312 466 1354 δέ
487 1311 540 1364 μ’,
567 1310 596 1353 ὦ
621 1317 803 1360 τεκοῦσα,
832 1314 895 1354 καὶ
920 1314 984 1362 σύ,
1011 1315 1195 1367 σύγγονε,

264 1381 306 1421 ἐν
331 1385 382 1437 γῇ
405 1377 574 1435 πατρῴᾳ,
603 1379 664 1420 καὶ
687 1380 807 1421 πόλιν
832 1380 1076 1432 θυμουμένην

263 1450 562 1499 παρηγορεῖτον,
590 1446 641 1489 ὡς
665 1447 834 1488 τοσόνδε
856 1450 954 1500 γοῦν
977 1448 1084 1501 τύχω

261 1512 407 1567 χθονὸς
432 1511 624 1569 πατρῴας,
652 1515 710 1554 κεί
734 1514 874 1566 δόμους
899 1514 1105 1555 ἀπώλεσα.
1402 1528 1487 1559 1450

260 1579 510 1632 ξυνάρμοσον
534 1582 577 1621 δὲ
600 1579 793 1634 βλέφαρά
816 1597 891 1633 μου
915 1581 962 1637 τῇ
983 1587 1036 1639 σῇ
1060 1582 1160 1635 χερί,

260 1647 576 1699 μῆτερ-τίθησι
600 1645 634 1687 δ’
658 1646 774 1690 αὐτὸς
798 1646 984 1699 ὀμμάτων
1011 1647 1133 1688 ἔπι-

263 1713 324 1754 καὶ
348 1712 511 1766 χαίρετ’·
549 1713 622 1764 ἤδη
648 1713 723 1766 γάρ
745 1730 794 1765 με
819 1713 1060 1767 περιβάλλει
1085 1714 1239 1757 σκότος.

326 1778 445 1831 ἄμφω
470 1779 504 1819 δ’
529 1778 594 1830 ἅμ’
621 1778 865 1830 ἐξέπνευσαν
890 1779 1027 1821 ἄθλιον
1050 1781 1158 1832 βίον.

257 1844 383 1898 μήτηρ
409 1845 454 1892 δ’,
481 1846 587 1888 ὅπως
612 1846 742 1888 ἐσεῖδε
767 1844 883 1897 τήνδε
908 1846 1131 1900 συμφοράν,
1405 1860 1485 1892 ¹455

259 1911 576 1964 ὑπερπαθήσασ’,
604 1912 750 1965 ἥρπασ’
776 1913 818 1953 ἐκ
843 1916 988 1965 νεκρῶν
1014 1911 1131 1966 ξίφος

261 1978 433 2030 κᾶπραξε
459 1978 580 2019 δεινά·
623 1981 686 2019 διὰ
709 1978 836 2030 μέσου
860 1980 936 2032 γὰρ
962 1979 1130 2033 αὐχένος

209 2080 287 2110 1431
314 2071 450 2113 καιρίους
464 2071 496 2101 Μ
509 2071 539 2102 Α
552 2071 579 2101 Β
590 2070 620 2101 V
638 2083 645 2102 ε
662 2072 780 2112 καιρίας
800 2072 826 2102 L
839 2071 865 2101 P
956 2082 1038 2111 1433
1056 2071 1177 2104 τέκνων
1190 2072 1216 2102 L
1309 2081 1389 2111 1434
1406 2085 1485 2112 μασ-

156 2113 238 2154 τῶν]
254 2114 359 2154 μάτην
378 2114 498 2145 Nauck
590 2124 671 2153 1435
696 2114 738 2154 θ’]
757 2115 784 2146 δ’
802 2114 873 2145 AV
966 2125 1046 2154 1437
1072 2115 1115 2156 δ’]
1134 2116 1165 2147 τ’
1182 2115 1213 2146 Α
1306 2116 1388 2154 1438
1412 2115 1485 2146 δύσ·

159 2161 276 2195 θνητον
293 2157 326 2187 Μ
345 2168 352 2188 :
376 2157 637 2190 δυσέκπνευστον
662 2158 772 2188 reddit
789 2163 812 2191 Σ
828 2169 834 2188 :
859 2157 1044 2197 δύστλητον
1062 2158 1133 2189 rell.
1282 2167 1366 2197 1439
1390 2160 1486 2199 ὑγρὰν

158 2200 256 2231 etiam
274 2205 298 2235 Σ
315 2211 322 2232 :
347 2202 470 2243 λυγρὰν
489 2200 576 2231 M2P
690 2211 772 2240 1440
795 2202 822 2233 δ’
839 2211 904 2232 om.
926 2201 958 2232 M
1070 2212 1150 2241 ¹442
1174 2203 1190 2234 ἓ·
1211 2201 1238 2234 δ’
1258 2202 1290 2232 Μ
1305 2202 1353 2233 Β;
1380 2200 1425 2233 ὅδ’
1443 2201 1487 2231 Β2

158 2243 229 2274 rell.
368 2245 450 2282 1448
473 2244 566 2276 πόλει
583 2245 761 2283 θυμουμένη
779 2243 831 2275 V:
856 2254 941 2275 corr.
960 2255 980 2275 v
1115 2256 1198 2286 1449
1219 2245 1316 2286 γοῦν]
1333 2259 1384 2287 γρ.
1405 2246 1443 2283 δὴ
1461 2249 1484 2279 Σ

162 2295 242 2326 1455
267 2289 371 2319 ἐσεῖδε
389 2287 442 2318 hic
462 2287 493 2317 M
506 2286 597 2317 AV:
623 2289 728 2319 ἐπεῖδε
747 2287 774 2317 Β
867 2289 949 2327 1456
972 2288 1088 2330 ἥρπασ’
1106 2291 1141 2320 ἐκ
1159 2292 1279 2331 νεκρῶν
1295 2290 1383 2330 ξίφος
1400 2288 1485 2319 AV:

155 2330 298 2371 ἥρπασεν
314 2333 431 2372 νεκρῶν
450 2331 538 2370 ξίφος
552 2329 584 2360 Μ
601 2341 608 2361 :
632 2329 750 2371 ἥρπασ’
764 2333 800 2362 ἐκ
816 2334 926 2372 νεκροῦ
943 2331 1030 2372 ξίφος
1056 2332 1082 2361 Ρ
1106 2338 1138 2362 et
1165 2332 1285 2362 novicii
1310 2331 1460 2363 nonnulli
1478 2343 1484 2361 :

157 2375 192 2405 ἐκ
209 2377 324 2414 νεκρῶν
342 2374 430 2414 ξίφος
447 2374 571 2415 ἥρπασε
591 2373 635 2404 L:
663 2376 698 2405 ἐκ
715 2377 831 2416 νεκρῶν
847 2374 931 2412 λάβε
949 2375 1036 2416 ξίφος
1056 2375 1081 2404 Β
1312 2420 1352 2450 9*
