<?xml version="1.0" encoding="UTF-8"?>
<!DOCTYPE html PUBLIC "-//W3C//DTD XHTML 1.0 Transitional//EN"
    "http://www.w3.org/TR/xhtml1/DTD/xhtml1-transitional.dtd">
<html xmlns="http://www.w3.org/1999/xhtml" xml:lang="en" lang="en">
 <head>
  <title>
</title>
<meta http-equiv="Content-Type" content="text/html;charset=utf-8" />
  <meta name='ocr-system' content='tesseract 3.04.00' />
  <meta name='ocr-capabilities' content='ocr_page ocr_carea ocr_par ocr_line ocrx_word'/>
</head>
<body>
  <div class='ocr_page' id='page_1' title='image "./euripidisfabulae03euriuoft_0374.png"; bbox 0 0 1658 2740; ppageno 0'>
   <div class='ocr_carea' id='block_1_1' title="bbox 655 131 1002 170">
    <p class='ocr_par' dir='ltr' id='par_1_1' title="bbox 655 131 1002 170">
     <span class='ocr_line' id='line_1_1' title="bbox 655 131 1002 170; baseline 0 -1"><span class='ocrx_word' id='word_1_1' title='bbox 655 131 1002 170; x_wconf 70' lang='grc' dir='ltr'>ΕΥΡΙΠΙΔΟΥ</span> 
     </span>
    </p>
   </div>
   <div class='ocr_carea' id='block_1_2' title="bbox 164 235 1492 1550">
    <p class='ocr_par' dir='ltr' id='par_1_2' title="bbox 164 235 1492 1550">
     <span class='ocr_line' id='line_1_2' title="bbox 262 235 1242 289; baseline -0.001 -12"><span class='ocrx_word' id='word_1_2' title='bbox 262 237 406 287; x_wconf 86' lang='grc' dir='ltr'>μισθὸν</span> <span class='ocrx_word' id='word_1_3' title='bbox 433 236 640 289; x_wconf 87' lang='grc' dir='ltr'>φέρεσθαι.</span> <span class='ocrx_word' id='word_1_4' title='bbox 713 236 829 276; x_wconf 91' lang='grc' dir='ltr'>παντὶ</span> <span class='ocrx_word' id='word_1_5' title='bbox 854 237 928 287; x_wconf 75' lang='grc' dir='ltr'>γὰρ</span> <span class='ocrx_word' id='word_1_6' title='bbox 955 235 1242 288; x_wconf 76' lang='grc' dir='ltr'>προσκείμενον</span> 
     </span>
     <span class='ocr_line' id='line_1_3' title="bbox 264 301 1209 357; baseline -0.001 -14"><span class='ocrx_word' id='word_1_7' title='bbox 264 303 396 355; x_wconf 79' lang='grc' dir='ltr'>κέρδος</span> <span class='ocrx_word' id='word_1_8' title='bbox 422 302 518 355; x_wconf 87' lang='grc' dir='ltr'>πρὸς</span> <span class='ocrx_word' id='word_1_9' title='bbox 543 303 643 357; x_wconf 81' lang='grc' dir='ltr'>ἔργῳ</span> <span class='ocrx_word' id='word_1_10' title='bbox 669 302 741 353; x_wconf 81' lang='grc' dir='ltr'>τὴν</span> <span class='ocrx_word' id='word_1_11' title='bbox 766 301 884 355; x_wconf 82' lang='grc' dir='ltr'>χάριν</span> <span class='ocrx_word' id='word_1_12' title='bbox 908 302 1028 342; x_wconf 82' lang='grc' dir='ltr'>τίκτει</span> <span class='ocrx_word' id='word_1_13' title='bbox 1053 304 1209 352; x_wconf 86' lang='grc' dir='ltr'>διπλῆν.</span> 
     </span>
     <span class='ocr_line' id='line_1_4' title="bbox 166 367 1149 420; baseline -0.001 -11"><span class='ocrx_word' id='word_1_14' title='bbox 166 373 233 409; x_wconf 86' lang='grc' dir='ltr'>Εκ.</span> <span class='ocrx_word' id='word_1_15' title='bbox 266 370 341 415; x_wconf 89' lang='grc' dir='ltr'>ναί,</span> <span class='ocrx_word' id='word_1_16' title='bbox 370 370 431 409; x_wconf 86' lang='grc' dir='ltr'>καὶ</span> <span class='ocrx_word' id='word_1_17' title='bbox 457 370 585 409; x_wconf 87' lang='grc' dir='ltr'>δίκαια</span> <span class='ocrx_word' id='word_1_18' title='bbox 609 372 731 409; x_wconf 81' lang='grc' dir='ltr'>ταῦτα</span> <span class='ocrx_word' id='word_1_19' title='bbox 758 368 849 408; x_wconf 82' lang='grc' dir='ltr'>κούκ</span> <span class='ocrx_word' id='word_1_20' title='bbox 873 368 1007 410; x_wconf 83' lang='grc' dir='ltr'>ἄλλως</span> <span class='ocrx_word' id='word_1_21' title='bbox 1031 367 1149 420; x_wconf 90' lang='grc' dir='ltr'>λέγω.</span> 
     </span>
     <span class='ocr_line' id='line_1_5' title="bbox 261 434 1487 488; baseline 0.003 -14"><span class='ocrx_word' id='word_1_22' title='bbox 261 434 376 486; x_wconf 82' lang='grc' dir='ltr'>τάξαι</span> <span class='ocrx_word' id='word_1_23' title='bbox 401 438 442 476; x_wconf 79' lang='grc' dir='ltr'>δὲ</span> <span class='ocrx_word' id='word_1_24' title='bbox 467 436 624 486; x_wconf 89' lang='grc' dir='ltr'>μισθόν,</span> <span class='ocrx_word' id='word_1_25' title='bbox 652 435 757 486; x_wconf 81' lang='grc' dir='ltr'>πλὴν</span> <span class='ocrx_word' id='word_1_26' title='bbox 785 436 877 486; x_wconf 87' lang='grc' dir='ltr'>ἐμῆς</span> <span class='ocrx_word' id='word_1_27' title='bbox 901 435 1138 488; x_wconf 87' lang='grc' dir='ltr'>τυραννίδος.</span> <span class='ocrx_word' id='word_1_28' title='bbox 1429 438 1487 478; x_wconf 86' lang='grc'>165</span> 
     </span>
     <span class='ocr_line' id='line_1_6' title="bbox 165 501 1063 555; baseline 0 -14"><span class='ocrx_word' id='word_1_29' title='bbox 165 506 235 542; x_wconf 87' lang='grc' dir='ltr'>Δο.</span> <span class='ocrx_word' id='word_1_30' title='bbox 262 501 307 541; x_wconf 82' lang='grc' dir='ltr'>οὐ</span> <span class='ocrx_word' id='word_1_31' title='bbox 332 504 405 552; x_wconf 87' lang='grc' dir='ltr'>σῆς</span> <span class='ocrx_word' id='word_1_32' title='bbox 431 503 578 553; x_wconf 80' lang='grc' dir='ltr'>ἐρῶμεν</span> <span class='ocrx_word' id='word_1_33' title='bbox 605 502 799 555; x_wconf 84' lang='grc' dir='ltr'>πολιόχου</span> <span class='ocrx_word' id='word_1_34' title='bbox 825 502 1063 553; x_wconf 82' lang='grc' dir='ltr'>τυραννίδος.</span> 
     </span>
     <span class='ocr_line' id='line_1_7' title="bbox 166 566 1277 620; baseline 0 -13"><span class='ocrx_word' id='word_1_35' title='bbox 166 571 232 607; x_wconf 83' lang='grc' dir='ltr'>Εκ.</span> <span class='ocrx_word' id='word_1_36' title='bbox 267 568 316 608; x_wconf 79' lang='grc' dir='ltr'>σὺ</span> <span class='ocrx_word' id='word_1_37' title='bbox 342 568 374 608; x_wconf 82' lang='grc' dir='ltr'>δ’</span> <span class='ocrx_word' id='word_1_38' title='bbox 403 569 509 608; x_wconf 79' lang='grc' dir='ltr'>ἀλλὰ</span> <span class='ocrx_word' id='word_1_39' title='bbox 533 567 661 620; x_wconf 89' lang='grc' dir='ltr'>γήμας</span> <span class='ocrx_word' id='word_1_40' title='bbox 687 571 918 620; x_wconf 85' lang='grc' dir='ltr'>Πριαμιδῶν</span> <span class='ocrx_word' id='word_1_41' title='bbox 944 566 1124 620; x_wconf 81' lang='grc' dir='ltr'>γαμβρὸς</span> <span class='ocrx_word' id='word_1_42' title='bbox 1148 569 1277 619; x_wconf 86' lang='grc' dir='ltr'>γενοῦ.</span> 
     </span>
     <span class='ocr_line' id='line_1_8' title="bbox 165 633 1124 686; baseline -0.001 -12"><span class='ocrx_word' id='word_1_43' title='bbox 165 639 234 674; x_wconf 90' lang='grc' dir='ltr'>Δο.</span> <span class='ocrx_word' id='word_1_44' title='bbox 262 634 340 674; x_wconf 83' lang='grc' dir='ltr'>οὐδ’</span> <span class='ocrx_word' id='word_1_45' title='bbox 366 634 412 685; x_wconf 81' lang='grc' dir='ltr'>ἐξ</span> <span class='ocrx_word' id='word_1_46' title='bbox 433 636 600 685; x_wconf 80' lang='grc' dir='ltr'>ἐμαυτοῦ</span> <span class='ocrx_word' id='word_1_47' title='bbox 625 634 814 685; x_wconf 85' lang='grc' dir='ltr'>μειζόνων</span> <span class='ocrx_word' id='word_1_48' title='bbox 840 637 981 686; x_wconf 82' lang='grc' dir='ltr'>γαμεῖν</span> <span class='ocrx_word' id='word_1_49' title='bbox 1007 633 1124 674; x_wconf 86' lang='grc' dir='ltr'>θέλω.</span> 
     </span>
     <span class='ocr_line' id='line_1_9' title="bbox 164 699 1163 754; baseline -0.001 -14"><span class='ocrx_word' id='word_1_50' title='bbox 164 704 231 740; x_wconf 82' lang='grc' dir='ltr'>Εκ.</span> <span class='ocrx_word' id='word_1_51' title='bbox 262 701 411 754; x_wconf 86' lang='grc' dir='ltr'>χρυσὸς</span> <span class='ocrx_word' id='word_1_52' title='bbox 436 700 640 753; x_wconf 87' lang='grc' dir='ltr'>πάρεστιν,</span> <span class='ocrx_word' id='word_1_53' title='bbox 669 702 701 741; x_wconf 83' lang='grc' dir='ltr'>εἰ</span> <span class='ocrx_word' id='word_1_54' title='bbox 726 700 806 740; x_wconf 83' lang='grc' dir='ltr'>τόδ’</span> <span class='ocrx_word' id='word_1_55' title='bbox 832 699 1009 750; x_wconf 82' lang='grc' dir='ltr'>αἰτήσεις</span> <span class='ocrx_word' id='word_1_56' title='bbox 1033 699 1163 753; x_wconf 82' lang='grc' dir='ltr'>γέρας.</span> 
     </span>
     <span class='ocr_line' id='line_1_10' title="bbox 164 766 1491 818; baseline 0.002 -11"><span class='ocrx_word' id='word_1_57' title='bbox 164 771 235 807; x_wconf 88' lang='grc' dir='ltr'>Δο.</span> <span class='ocrx_word' id='word_1_58' title='bbox 263 767 353 808; x_wconf 83' lang='grc' dir='ltr'>ἀλλ’</span> <span class='ocrx_word' id='word_1_59' title='bbox 379 767 462 808; x_wconf 86' lang='grc' dir='ltr'>ἔστ’</span> <span class='ocrx_word' id='word_1_60' title='bbox 493 769 535 808; x_wconf 90' lang='grc' dir='ltr'>ἐν</span> <span class='ocrx_word' id='word_1_61' title='bbox 559 769 693 808; x_wconf 83' lang='grc' dir='ltr'>οἴκοις·</span> <span class='ocrx_word' id='word_1_62' title='bbox 732 766 776 807; x_wconf 85' lang='grc' dir='ltr'>οὐ</span> <span class='ocrx_word' id='word_1_63' title='bbox 801 768 895 818; x_wconf 84' lang='grc' dir='ltr'>βίου</span> <span class='ocrx_word' id='word_1_64' title='bbox 922 767 1177 818; x_wconf 80' lang='grc' dir='ltr'>σπανίζομεν.</span> <span class='ocrx_word' id='word_1_65' title='bbox 1431 778 1491 809; x_wconf 89' lang='lat'>¹70</span> 
     </span>
     <span class='ocr_line' id='line_1_11' title="bbox 165 832 1053 891; baseline 0.001 -17"><span class='ocrx_word' id='word_1_66' title='bbox 165 837 232 874; x_wconf 80' lang='grc' dir='ltr'>Εκ.</span> <span class='ocrx_word' id='word_1_67' title='bbox 262 835 303 875; x_wconf 87' lang='grc' dir='ltr'>τί</span> <span class='ocrx_word' id='word_1_68' title='bbox 325 836 422 885; x_wconf 85' lang='grc' dir='ltr'>δῆτα</span> <span class='ocrx_word' id='word_1_69' title='bbox 445 834 601 891; x_wconf 80' lang='grc' dir='ltr'>χρῄζεις</span> <span class='ocrx_word' id='word_1_70' title='bbox 625 834 680 874; x_wconf 80' lang='grc' dir='ltr'>ὧν</span> <span class='ocrx_word' id='word_1_71' title='bbox 708 832 888 874; x_wconf 84' lang='grc' dir='ltr'>κέκευθεν</span> <span class='ocrx_word' id='word_1_72' title='bbox 908 832 1053 881; x_wconf 80' lang='grc' dir='ltr'>”Ιλιος;</span> 
     </span>
     <span class='ocr_line' id='line_1_12' title="bbox 164 898 1069 953; baseline 0 -13"><span class='ocrx_word' id='word_1_73' title='bbox 164 905 234 940; x_wconf 67' lang='lat' dir='ltr'>Ao.</span> <span class='ocrx_word' id='word_1_74' title='bbox 263 901 364 941; x_wconf 81' lang='grc' dir='ltr'>ἑλὼν</span> <span class='ocrx_word' id='word_1_75' title='bbox 390 900 577 953; x_wconf 84' lang='grc' dir='ltr'>Ἀχαιοὺς</span> <span class='ocrx_word' id='word_1_76' title='bbox 603 899 707 952; x_wconf 86' lang='grc' dir='ltr'>δῶρά</span> <span class='ocrx_word' id='word_1_77' title='bbox 731 916 798 951; x_wconf 90' lang='grc' dir='ltr'>μοι</span> <span class='ocrx_word' id='word_1_78' title='bbox 823 898 1069 950; x_wconf 83' lang='grc' dir='ltr'>ξυναίνεσον.</span> 
     </span>
     <span class='ocr_line' id='line_1_13' title="bbox 164 965 1234 1018; baseline -0.002 -11"><span class='ocrx_word' id='word_1_79' title='bbox 164 971 232 1007; x_wconf 87' lang='grc' dir='ltr'>Εκ.</span> <span class='ocrx_word' id='word_1_80' title='bbox 265 968 392 1007; x_wconf 82' lang='grc' dir='ltr'>δώσω·</span> <span class='ocrx_word' id='word_1_81' title='bbox 431 967 481 1007; x_wconf 80' lang='grc' dir='ltr'>σὺ</span> <span class='ocrx_word' id='word_1_82' title='bbox 506 966 538 1006; x_wconf 87' lang='grc' dir='ltr'>δ’</span> <span class='ocrx_word' id='word_1_83' title='bbox 565 968 665 1007; x_wconf 84' lang='grc' dir='ltr'>αἴτει</span> <span class='ocrx_word' id='word_1_84' title='bbox 689 966 796 1017; x_wconf 80' lang='grc' dir='ltr'>πλὴν</span> <span class='ocrx_word' id='word_1_85' title='bbox 824 965 1099 1018; x_wconf 86' lang='grc' dir='ltr'>στρατηλάτας</span> <span class='ocrx_word' id='word_1_86' title='bbox 1124 969 1234 1006; x_wconf 87' lang='grc' dir='ltr'>νεῶν.</span> 
     </span>
     <span class='ocr_line' id='line_1_14' title="bbox 164 1031 1262 1086; baseline -0.002 -12"><span class='ocrx_word' id='word_1_87' title='bbox 164 1038 235 1074; x_wconf 90' lang='grc' dir='ltr'>Δο.</span> <span class='ocrx_word' id='word_1_88' title='bbox 263 1033 389 1080; x_wconf 84' lang='grc' dir='ltr'>κτεῖν’,</span> <span class='ocrx_word' id='word_1_89' title='bbox 417 1034 461 1074; x_wconf 82' lang='grc' dir='ltr'>οὔ</span> <span class='ocrx_word' id='word_1_90' title='bbox 488 1032 526 1072; x_wconf 86' lang='grc' dir='ltr'>σ’</span> <span class='ocrx_word' id='word_1_91' title='bbox 553 1034 705 1074; x_wconf 85' lang='grc' dir='ltr'>ἀπαιτῶ</span> <span class='ocrx_word' id='word_1_92' title='bbox 733 1032 925 1074; x_wconf 83' lang='grc' dir='ltr'>Μενέλεω</span> <span class='ocrx_word' id='word_1_93' title='bbox 951 1031 1127 1086; x_wconf 88' lang='grc' dir='ltr'>σχέσθαι</span> <span class='ocrx_word' id='word_1_94' title='bbox 1151 1031 1262 1085; x_wconf 90' lang='grc' dir='ltr'>χέρα.</span> 
     </span>
     <span class='ocr_line' id='line_1_15' title="bbox 166 1098 1489 1156; baseline 0 -16"><span class='ocrx_word' id='word_1_95' title='bbox 166 1104 232 1140; x_wconf 88' lang='grc' dir='ltr'>Εκ.</span> <span class='ocrx_word' id='word_1_96' title='bbox 263 1100 307 1140; x_wconf 84' lang='grc' dir='ltr'>οὐ</span> <span class='ocrx_word' id='word_1_97' title='bbox 331 1100 407 1151; x_wconf 75' lang='grc' dir='ltr'>μὴν</span> <span class='ocrx_word' id='word_1_98' title='bbox 433 1100 500 1140; x_wconf 85' lang='grc' dir='ltr'>τὸν</span> <span class='ocrx_word' id='word_1_99' title='bbox 526 1099 662 1142; x_wconf 85' lang='grc' dir='ltr'>Ἰλέως</span> <span class='ocrx_word' id='word_1_100' title='bbox 686 1099 807 1141; x_wconf 82' lang='grc' dir='ltr'>παῖδά</span> <span class='ocrx_word' id='word_1_101' title='bbox 831 1099 871 1150; x_wconf 89' lang='grc' dir='ltr'>μ’</span> <span class='ocrx_word' id='word_1_102' title='bbox 901 1098 1033 1156; x_wconf 81' lang='grc' dir='ltr'>ἐξαιτῇ</span> <span class='ocrx_word' id='word_1_103' title='bbox 1059 1102 1223 1150; x_wconf 84' lang='grc' dir='ltr'>λαβεῖν;</span> <span class='ocrx_word' id='word_1_104' title='bbox 1431 1109 1489 1140; x_wconf 87' lang='grc'>175</span> 
     </span>
     <span class='ocr_line' id='line_1_16' title="bbox 165 1165 1115 1220; baseline 0 -14"><span class='ocrx_word' id='word_1_105' title='bbox 165 1172 236 1207; x_wconf 88' lang='grc' dir='ltr'>Δο.</span> <span class='ocrx_word' id='word_1_106' title='bbox 266 1167 378 1207; x_wconf 82' lang='grc' dir='ltr'>κακαὶ</span> <span class='ocrx_word' id='word_1_107' title='bbox 403 1170 592 1219; x_wconf 85' lang='grc' dir='ltr'>γεωργεῖν</span> <span class='ocrx_word' id='word_1_108' title='bbox 618 1170 747 1220; x_wconf 87' lang='grc' dir='ltr'>χεῖρες</span> <span class='ocrx_word' id='word_1_109' title='bbox 776 1166 816 1207; x_wconf 73' lang='grc' dir='ltr'>εὗ</span> <span class='ocrx_word' id='word_1_110' title='bbox 841 1165 1115 1218; x_wconf 88' lang='grc' dir='ltr'>τεθραμμέναι.</span> 
     </span>
     <span class='ocr_line' id='line_1_17' title="bbox 165 1231 1204 1286; baseline -0.001 -13"><span class='ocrx_word' id='word_1_111' title='bbox 165 1237 232 1274; x_wconf 81' lang='grc' dir='ltr'>Εκ.</span> <span class='ocrx_word' id='word_1_112' title='bbox 264 1233 335 1274; x_wconf 82' lang='grc' dir='ltr'>τίν’</span> <span class='ocrx_word' id='word_1_113' title='bbox 361 1234 428 1273; x_wconf 73' lang='grc' dir='ltr'>οὖν</span> <span class='ocrx_word' id='word_1_114' title='bbox 453 1233 628 1286; x_wconf 84' lang='grc' dir='ltr'>Ἀχαιῶν</span> <span class='ocrx_word' id='word_1_115' title='bbox 657 1232 764 1282; x_wconf 78' lang='grc' dir='ltr'>ζῶντ’</span> <span class='ocrx_word' id='word_1_116' title='bbox 792 1233 1030 1273; x_wconf 80' lang='grc' dir='ltr'>ἀποινᾶσθαι</span> <span class='ocrx_word' id='word_1_117' title='bbox 1057 1231 1204 1278; x_wconf 81' lang='grc' dir='ltr'>θέλεις;</span> 
     </span>
     <span class='ocr_line' id='line_1_18' title="bbox 166 1298 1214 1352; baseline -0.002 -12"><span class='ocrx_word' id='word_1_118' title='bbox 166 1304 235 1340; x_wconf 85' lang='grc' dir='ltr'>Δο.</span> <span class='ocrx_word' id='word_1_119' title='bbox 265 1301 326 1340; x_wconf 85' lang='grc' dir='ltr'>καὶ</span> <span class='ocrx_word' id='word_1_120' title='bbox 352 1300 526 1352; x_wconf 88' lang='grc' dir='ltr'>πρόσθεν</span> <span class='ocrx_word' id='word_1_121' title='bbox 551 1299 676 1340; x_wconf 74' lang='grc' dir='ltr'>εἶπον·</span> <span class='ocrx_word' id='word_1_122' title='bbox 715 1299 802 1339; x_wconf 81' lang='grc' dir='ltr'>ἔστι</span> <span class='ocrx_word' id='word_1_123' title='bbox 828 1298 976 1352; x_wconf 84' lang='grc' dir='ltr'>χρυσὸς</span> <span class='ocrx_word' id='word_1_124' title='bbox 1002 1300 1044 1339; x_wconf 92' lang='grc' dir='ltr'>ἐν</span> <span class='ocrx_word' id='word_1_125' title='bbox 1070 1299 1214 1349; x_wconf 89' lang='grc' dir='ltr'>δόμοις.</span> 
     </span>
     <span class='ocr_line' id='line_1_19' title="bbox 164 1364 1185 1421; baseline -0.002 -15"><span class='ocrx_word' id='word_1_126' title='bbox 164 1370 231 1406; x_wconf 84' lang='grc' dir='ltr'>Εκ.</span> <span class='ocrx_word' id='word_1_127' title='bbox 265 1367 325 1407; x_wconf 88' lang='grc' dir='ltr'>καὶ</span> <span class='ocrx_word' id='word_1_128' title='bbox 350 1366 426 1417; x_wconf 74' lang='grc' dir='ltr'>μὴν</span> <span class='ocrx_word' id='word_1_129' title='bbox 452 1366 641 1418; x_wconf 86' lang='grc' dir='ltr'>λαφύρων</span> <span class='ocrx_word' id='word_1_130' title='bbox 667 1365 702 1417; x_wconf 82' lang='grc' dir='ltr'>γ’</span> <span class='ocrx_word' id='word_1_131' title='bbox 729 1365 843 1408; x_wconf 76' lang='grc' dir='ltr'>αὐτὸς</span> <span class='ocrx_word' id='word_1_132' title='bbox 869 1364 1014 1421; x_wconf 76' lang='grc' dir='ltr'>αἱρήσῃ</span> <span class='ocrx_word' id='word_1_133' title='bbox 1039 1365 1185 1418; x_wconf 87' lang='grc' dir='ltr'>παρών.</span> 
     </span>
     <span class='ocr_line' id='line_1_20' title="bbox 164 1431 1492 1483; baseline -0.002 -10"><span class='ocrx_word' id='word_1_134' title='bbox 164 1438 234 1473; x_wconf 82' lang='grc' dir='ltr'>Δο.</span> <span class='ocrx_word' id='word_1_135' title='bbox 264 1436 414 1474; x_wconf 83' lang='grc' dir='ltr'>θεοῖσιν</span> <span class='ocrx_word' id='word_1_136' title='bbox 440 1432 536 1472; x_wconf 81' lang='grc' dir='ltr'>αὐτὰ</span> <span class='ocrx_word' id='word_1_137' title='bbox 562 1431 794 1473; x_wconf 80' lang='grc' dir='ltr'>πασσάλευε</span> <span class='ocrx_word' id='word_1_138' title='bbox 821 1431 916 1483; x_wconf 84' lang='grc' dir='ltr'>πρὸς</span> <span class='ocrx_word' id='word_1_139' title='bbox 943 1432 1086 1482; x_wconf 88' lang='grc' dir='ltr'>δόμοις.</span> <span class='ocrx_word' id='word_1_140' title='bbox 1431 1434 1492 1464; x_wconf 85' lang='grc'>180</span> 
     </span>
     <span class='ocr_line' id='line_1_21' title="bbox 164 1497 1149 1550; baseline 0 -10"><span class='ocrx_word' id='word_1_141' title='bbox 164 1503 231 1540; x_wconf 88' lang='grc' dir='ltr'>Εκ.</span> <span class='ocrx_word' id='word_1_142' title='bbox 263 1501 303 1540; x_wconf 88' lang='grc' dir='ltr'>τί</span> <span class='ocrx_word' id='word_1_143' title='bbox 325 1502 421 1550; x_wconf 84' lang='grc' dir='ltr'>δῆτα</span> <span class='ocrx_word' id='word_1_144' title='bbox 444 1499 575 1550; x_wconf 79' lang='grc' dir='ltr'>μεῖζον</span> <span class='ocrx_word' id='word_1_145' title='bbox 601 1498 724 1539; x_wconf 85' lang='grc' dir='ltr'>τῶνδέ</span> <span class='ocrx_word' id='word_1_146' title='bbox 747 1498 786 1549; x_wconf 86' lang='grc' dir='ltr'>μ’</span> <span class='ocrx_word' id='word_1_147' title='bbox 813 1497 989 1548; x_wconf 81' lang='grc' dir='ltr'>αἰτήσεις</span> <span class='ocrx_word' id='word_1_148' title='bbox 1014 1497 1149 1550; x_wconf 87' lang='grc' dir='ltr'>γέρας;</span> 
     </span>
    </p>
   </div>
   <div class='ocr_carea' id='block_1_3' title="bbox 164 1630 1527 1884">
    <p class='ocr_par' dir='ltr' id='par_1_3' title="bbox 164 1630 1170 1753">
     <span class='ocr_line' id='line_1_22' title="bbox 260 1630 1170 1686; baseline -0.003 -13"><span class='ocrx_word' id='word_1_149' title='bbox 260 1633 398 1686; x_wconf 77' lang='grc' dir='ltr'>ψυχὴν</span> <span class='ocrx_word' id='word_1_150' title='bbox 424 1630 694 1683; x_wconf 78' lang='grc' dir='ltr'>προβάλλοντ’</span> <span class='ocrx_word' id='word_1_151' title='bbox 720 1633 763 1671; x_wconf 83' lang='grc' dir='ltr'>ἐν</span> <span class='ocrx_word' id='word_1_152' title='bbox 791 1631 951 1682; x_wconf 77' lang='grc' dir='ltr'>κύβοισι</span> <span class='ocrx_word' id='word_1_153' title='bbox 977 1632 1170 1681; x_wconf 87' lang='grc' dir='ltr'>δαίμονος.</span> 
     </span>
     <span class='ocr_line' id='line_1_23' title="bbox 164 1697 1125 1753; baseline -0.003 -13"><span class='ocrx_word' id='word_1_154' title='bbox 164 1703 231 1740; x_wconf 90' lang='grc' dir='ltr'>Εκ.</span> <span class='ocrx_word' id='word_1_155' title='bbox 265 1700 326 1740; x_wconf 85' lang='grc' dir='ltr'>καὶ</span> <span class='ocrx_word' id='word_1_156' title='bbox 351 1699 429 1750; x_wconf 79' lang='grc' dir='ltr'>μὴν</span> <span class='ocrx_word' id='word_1_157' title='bbox 456 1700 597 1750; x_wconf 86' lang='grc' dir='ltr'>ἐρῶντί</span> <span class='ocrx_word' id='word_1_158' title='bbox 619 1697 654 1750; x_wconf 86' lang='grc' dir='ltr'>γ’</span> <span class='ocrx_word' id='word_1_159' title='bbox 682 1698 845 1753; x_wconf 77' lang='grc' dir='ltr'>ἀντερᾷς</span> <span class='ocrx_word' id='word_1_160' title='bbox 870 1698 1001 1738; x_wconf 83' lang='grc' dir='ltr'>ἵππων</span> <span class='ocrx_word' id='word_1_161' title='bbox 1026 1698 1125 1748; x_wconf 84' lang='grc' dir='ltr'>ἐμοί·</span> 
     </span>
    </p>

    <p class='ocr_par' dir='ltr' id='par_1_4' title="bbox 263 1764 1527 1820">
     <span class='ocr_line' id='line_1_24' title="bbox 263 1764 1527 1820; baseline -0.002 -13"><span class='ocrx_word' id='word_1_162' title='bbox 263 1765 308 1816; x_wconf 81' lang='grc' dir='ltr'>ἐξ</span> <span class='ocrx_word' id='word_1_163' title='bbox 331 1766 510 1818; x_wconf 85' lang='grc' dir='ltr'>ἀφθίτων</span> <span class='ocrx_word' id='word_1_164' title='bbox 534 1764 610 1817; x_wconf 86' lang='grc' dir='ltr'>γάρ</span> <span class='ocrx_word' id='word_1_165' title='bbox 635 1764 798 1817; x_wconf 82' lang='grc' dir='ltr'>ἄφθιτοι</span> <span class='ocrx_word' id='word_1_166' title='bbox 824 1765 1044 1816; x_wconf 88' lang='grc' dir='ltr'>πεφυκότες</span> <span class='ocrx_word' id='word_1_167' title='bbox 1432 1767 1491 1804; x_wconf 84' lang='grc'>185</span> <span class='ocrx_word' id='word_1_168' title='bbox 1524 1817 1527 1820; x_wconf 14' lang='grc' dir='ltr'><strong>Α</strong></span> 
     </span>
    </p>

    <p class='ocr_par' dir='ltr' id='par_1_5' title="bbox 261 1831 1059 1884">
     <span class='ocr_line' id='line_1_25' title="bbox 261 1831 1059 1884; baseline -0.003 -11"><span class='ocrx_word' id='word_1_169' title='bbox 261 1833 328 1874; x_wconf 85' lang='grc' dir='ltr'>τὸν</span> <span class='ocrx_word' id='word_1_170' title='bbox 355 1831 524 1883; x_wconf 85' lang='grc' dir='ltr'>Πηλέως</span> <span class='ocrx_word' id='word_1_171' title='bbox 551 1831 721 1884; x_wconf 86' lang='grc' dir='ltr'>φέρουσι</span> <span class='ocrx_word' id='word_1_172' title='bbox 747 1831 902 1882; x_wconf 90' lang='grc' dir='ltr'>θούριον</span> <span class='ocrx_word' id='word_1_173' title='bbox 927 1831 1059 1883; x_wconf 90' lang='grc' dir='ltr'>γόνον·</span> 
     </span>
    </p>
   </div>
   <div class='ocr_carea' id='block_1_4' title="bbox 162 1920 1493 2398">
    <p class='ocr_par' dir='ltr' id='par_1_6' title="bbox 162 1920 1493 2398">
     <span class='ocr_line' id='line_1_26' title="bbox 210 1920 1490 1966; baseline -0.002 -12"><span class='ocrx_word' id='word_1_174' title='bbox 210 1927 268 1955; x_wconf 87' lang='lat'>162</span> <span class='ocrx_word' id='word_1_175' title='bbox 302 1927 417 1964; x_wconf 80' lang='grc' dir='ltr'>μισθὸν</span> <span class='ocrx_word' id='word_1_176' title='bbox 445 1927 635 1966; x_wconf 80' lang='grc' dir='ltr'>προσαθρεῖν</span> <span class='ocrx_word' id='word_1_177' title='bbox 652 1947 659 1954; x_wconf 93' lang='grc'>.</span> <span class='ocrx_word' id='word_1_178' title='bbox 678 1948 685 1955; x_wconf 92' lang='grc'>.</span> <span class='ocrx_word' id='word_1_179' title='bbox 706 1947 714 1955; x_wconf 92' lang='grc'>.</span> <span class='ocrx_word' id='word_1_180' title='bbox 735 1923 942 1966; x_wconf 83' lang='grc' dir='ltr'>προκείμενον</span> <span class='ocrx_word' id='word_1_181' title='bbox 971 1922 1069 1955; x_wconf 79' lang='grc' dir='ltr'>ἆθλον</span> <span class='ocrx_word' id='word_1_182' title='bbox 1097 1923 1172 1963; x_wconf 81' lang='grc' dir='ltr'>πρὸς</span> <span class='ocrx_word' id='word_1_183' title='bbox 1201 1922 1281 1963; x_wconf 76' lang='grc' dir='ltr'>ἔργῳ</span> <span class='ocrx_word' id='word_1_184' title='bbox 1309 1921 1387 1952; x_wconf 85' lang='lat' dir='ltr'>Chr.</span> <span class='ocrx_word' id='word_1_185' title='bbox 1419 1920 1490 1952; x_wconf 87' lang='lat' dir='ltr'>Pat.</span> 
     </span>
     <span class='ocr_line' id='line_1_27' title="bbox 165 1964 1492 2008; baseline -0.003 -8"><span class='ocrx_word' id='word_1_186' title='bbox 165 1971 245 2008; x_wconf 79' lang='lat'>1965</span> <span class='ocrx_word' id='word_1_187' title='bbox 260 1980 308 2008; x_wconf 75' lang='lat' dir='ltr'>sq.</span> <span class='ocrx_word' id='word_1_188' title='bbox 414 1969 471 2006; x_wconf 83' lang='lat'>164</span> <span class='ocrx_word' id='word_1_189' title='bbox 498 1974 552 2000; x_wconf 83' lang='grc' dir='ltr'>Εκ.</span> <span class='ocrx_word' id='word_1_190' title='bbox 575 1973 687 1998; x_wconf 89' lang='lat' dir='ltr'>notam</span> <span class='ocrx_word' id='word_1_191' title='bbox 705 1977 770 1998; x_wconf 88' lang='lat' dir='ltr'>om.</span> <span class='ocrx_word' id='word_1_192' title='bbox 788 1968 813 1997; x_wconf 89' lang='lat' dir='ltr'>P</span> <span class='ocrx_word' id='word_1_193' title='bbox 919 1968 980 1997; x_wconf 87' lang='lat'>166</span> <span class='ocrx_word' id='word_1_194' title='bbox 1003 1966 1164 2006; x_wconf 81' lang='grc' dir='ltr'>πολιόχου</span> <span class='ocrx_word' id='word_1_195' title='bbox 1181 1965 1227 1996; x_wconf 92' lang='lat' dir='ltr'>O:</span> <span class='ocrx_word' id='word_1_196' title='bbox 1250 1964 1428 2005; x_wconf 87' lang='grc' dir='ltr'>πολιούχου</span> <span class='ocrx_word' id='word_1_197' title='bbox 1443 1965 1492 1994; x_wconf 86' lang='lat' dir='ltr'>V:</span> 
     </span>
     <span class='ocr_line' id='line_1_28' title="bbox 162 2007 1491 2053; baseline -0.004 -11"><span class='ocrx_word' id='word_1_198' title='bbox 162 2013 330 2053; x_wconf 86' lang='grc' dir='ltr'>πολυόχου</span> <span class='ocrx_word' id='word_1_199' title='bbox 349 2012 374 2042; x_wconf 91' lang='lat' dir='ltr'>L</span> <span class='ocrx_word' id='word_1_200' title='bbox 387 2012 412 2042; x_wconf 90' lang='lat' dir='ltr'>P</span> <span class='ocrx_word' id='word_1_201' title='bbox 429 2023 435 2041; x_wconf 90' lang='lat'>:</span> <span class='ocrx_word' id='word_1_202' title='bbox 458 2011 650 2051; x_wconf 85' lang='grc' dir='ltr'>πολυόχλου</span> <span class='ocrx_word' id='word_1_203' title='bbox 666 2011 815 2041; x_wconf 81' lang='lat' dir='ltr'><strong>Reiske:</strong></span> <span class='ocrx_word' id='word_1_204' title='bbox 838 2010 878 2041; x_wconf 84' lang='lat' dir='ltr'>cf.</span> <span class='ocrx_word' id='word_1_205' title='bbox 892 2011 952 2050; x_wconf 87' lang='lat'>381</span> <span class='ocrx_word' id='word_1_206' title='bbox 1080 2010 1140 2040; x_wconf 88' lang='lat'>168</span> <span class='ocrx_word' id='word_1_207' title='bbox 1159 2009 1224 2041; x_wconf 79' lang='grc' dir='ltr'>οὐδ’</span> <span class='ocrx_word' id='word_1_208' title='bbox 1237 2008 1288 2038; x_wconf 85' lang='lat' dir='ltr'>V:</span> <span class='ocrx_word' id='word_1_209' title='bbox 1312 2010 1368 2040; x_wconf 82' lang='grc' dir='ltr'>οὐκ</span> <span class='ocrx_word' id='word_1_210' title='bbox 1386 2008 1413 2038; x_wconf 96' lang='lat' dir='ltr'><strong>L</strong></span> <span class='ocrx_word' id='word_1_211' title='bbox 1425 2007 1491 2038; x_wconf 89' lang='grc' dir='ltr'>ΡΟ</span> 
     </span>
     <span class='ocr_line' id='line_1_29' title="bbox 166 2050 1493 2097; baseline -0.003 -12"><span class='ocrx_word' id='word_1_212' title='bbox 166 2058 226 2095; x_wconf 88' lang='lat'>169</span> <span class='ocrx_word' id='word_1_213' title='bbox 253 2056 410 2097; x_wconf 84' lang='grc' dir='ltr'>πάρεστιν</span> <span class='ocrx_word' id='word_1_214' title='bbox 426 2055 456 2085; x_wconf 91' lang='lat' dir='ltr'>V</span> <span class='ocrx_word' id='word_1_215' title='bbox 471 2066 477 2085; x_wconf 77' lang='grc' dir='ltr'>ε</span> <span class='ocrx_word' id='word_1_216' title='bbox 501 2054 563 2095; x_wconf 70' lang='grc' dir='ltr'>’γάρ</span> <span class='ocrx_word' id='word_1_217' title='bbox 584 2057 675 2086; x_wconf 90' lang='grc' dir='ltr'>ἐστιν</span> <span class='ocrx_word' id='word_1_218' title='bbox 695 2055 719 2084; x_wconf 92' lang='lat' dir='ltr'>L</span> <span class='ocrx_word' id='word_1_219' title='bbox 733 2053 759 2084; x_wconf 83' lang='lat' dir='ltr'>P</span> <span class='ocrx_word' id='word_1_220' title='bbox 771 2053 801 2084; x_wconf 95' lang='lat' dir='ltr'>O</span> <span class='ocrx_word' id='word_1_221' title='bbox 916 2053 1034 2095; x_wconf 80' lang='grc' dir='ltr'>αἰτήσῃ</span> <span class='ocrx_word' id='word_1_222' title='bbox 1051 2053 1082 2083; x_wconf 93' lang='lat' dir='ltr'>V</span> <span class='ocrx_word' id='word_1_223' title='bbox 1216 2062 1277 2091; x_wconf 90' lang='lat'>170</span> <span class='ocrx_word' id='word_1_224' title='bbox 1301 2050 1493 2090; x_wconf 77' lang='grc' dir='ltr'>σπανίζομεν</span> 
     </span>
     <span class='ocr_line' id='line_1_30' title="bbox 163 2093 1492 2138; baseline -0.005 -8"><span class='ocrx_word' id='word_1_225' title='bbox 163 2100 234 2134; x_wconf 81' lang='grc' dir='ltr'>βίου</span> <span class='ocrx_word' id='word_1_226' title='bbox 253 2099 282 2129; x_wconf 95' lang='lat' dir='ltr'>O</span> <span class='ocrx_word' id='word_1_227' title='bbox 435 2108 491 2136; x_wconf 89' lang='lat'>171</span> <span class='ocrx_word' id='word_1_228' title='bbox 514 2098 618 2130; x_wconf 82' lang='grc' dir='ltr'>Ἴλιον</span> <span class='ocrx_word' id='word_1_229' title='bbox 635 2097 664 2127; x_wconf 95' lang='lat' dir='ltr'>O</span> <span class='ocrx_word' id='word_1_230' title='bbox 823 2106 882 2135; x_wconf 88' lang='lat'>174</span> <span class='ocrx_word' id='word_1_231' title='bbox 907 2096 1004 2138; x_wconf 84' lang='grc' dir='ltr'>χέρας</span> <span class='ocrx_word' id='word_1_232' title='bbox 1022 2097 1048 2127; x_wconf 91' lang='lat' dir='ltr'>L</span> <span class='ocrx_word' id='word_1_233' title='bbox 1063 2096 1089 2126; x_wconf 89' lang='lat' dir='ltr'>P</span> <span class='ocrx_word' id='word_1_234' title='bbox 1234 2105 1294 2134; x_wconf 84' lang='lat'>175</span> <span class='ocrx_word' id='word_1_235' title='bbox 1317 2094 1425 2127; x_wconf 84' lang='grc' dir='ltr'>’Ῑλέως</span> <span class='ocrx_word' id='word_1_236' title='bbox 1441 2093 1492 2124; x_wconf 88' lang='lat' dir='ltr'>V:</span> 
     </span>
     <span class='ocr_line' id='line_1_31' title="bbox 163 2137 1491 2182; baseline -0.003 -10"><span class='ocrx_word' id='word_1_237' title='bbox 163 2142 274 2174; x_wconf 79' lang='grc' dir='ltr'>ὀιλέως</span> <span class='ocrx_word' id='word_1_238' title='bbox 289 2142 315 2172; x_wconf 90' lang='lat' dir='ltr'>L</span> <span class='ocrx_word' id='word_1_239' title='bbox 328 2141 354 2172; x_wconf 87' lang='grc' dir='ltr'>Ρ</span> <span class='ocrx_word' id='word_1_240' title='bbox 425 2143 558 2182; x_wconf 80' lang='grc' dir='ltr'>ἐξαιτεΐς</span> <span class='ocrx_word' id='word_1_241' title='bbox 573 2141 599 2170; x_wconf 93' lang='lat' dir='ltr'>L</span> <span class='ocrx_word' id='word_1_242' title='bbox 611 2140 636 2171; x_wconf 83' lang='lat' dir='ltr'>P</span> <span class='ocrx_word' id='word_1_243' title='bbox 647 2140 677 2171; x_wconf 92' lang='lat' dir='ltr'>O</span> <span class='ocrx_word' id='word_1_244' title='bbox 695 2140 766 2178; x_wconf 83' lang='grc' dir='ltr'>(τὸν</span> <span class='ocrx_word' id='word_1_245' title='bbox 779 2140 868 2172; x_wconf 87' lang='grc' dir='ltr'>ι’λεόν</span> <span class='ocrx_word' id='word_1_246' title='bbox 879 2153 920 2181; x_wconf 82' lang='grc' dir='ltr'>’γε</span> <span class='ocrx_word' id='word_1_247' title='bbox 933 2142 1016 2171; x_wconf 77' lang='grc' dir='ltr'>παῖδ’</span> <span class='ocrx_word' id='word_1_248' title='bbox 1032 2141 1164 2180; x_wconf 80' lang='grc' dir='ltr'>ἐξαιτεῖς</span> <span class='ocrx_word' id='word_1_249' title='bbox 1178 2139 1225 2178; x_wconf 84' lang='lat' dir='ltr'>O)</span> <span class='ocrx_word' id='word_1_250' title='bbox 1317 2147 1376 2177; x_wconf 86' lang='lat'>177</span> <span class='ocrx_word' id='word_1_251' title='bbox 1401 2137 1491 2177; x_wconf 73' lang='grc' dir='ltr'>ζῶντ’</span> 
     </span>
     <span class='ocr_line' id='line_1_32' title="bbox 165 2180 1492 2224; baseline -0.005 -8"><span class='ocrx_word' id='word_1_252' title='bbox 165 2186 352 2217; x_wconf 78' lang='grc' dir='ltr'>ἀποινᾶσθαι</span> <span class='ocrx_word' id='word_1_253' title='bbox 376 2189 399 2218; x_wconf 85' lang='grc' dir='ltr'>Σ</span> <span class='ocrx_word' id='word_1_254' title='bbox 418 2185 532 2224; x_wconf 56' lang='lat' dir='ltr'><strong>{etiam</strong></span> <span class='ocrx_word' id='word_1_255' title='bbox 549 2184 583 2214; x_wconf 87' lang='lat' dir='ltr'>in</span> <span class='ocrx_word' id='word_1_256' title='bbox 600 2183 642 2224; x_wconf 89' lang='lat' dir='ltr'>L)</span> <span class='ocrx_word' id='word_1_257' title='bbox 657 2194 663 2215; x_wconf 87' lang='lat'>:</span> <span class='ocrx_word' id='word_1_258' title='bbox 691 2183 780 2223; x_wconf 74' lang='grc' dir='ltr'>ζῶντ’</span> <span class='ocrx_word' id='word_1_259' title='bbox 799 2184 985 2215; x_wconf 84' lang='grc' dir='ltr'>ἆποίνασθαι</span> <span class='ocrx_word' id='word_1_260' title='bbox 1003 2183 1032 2214; x_wconf 95' lang='lat' dir='ltr'>O</span> <span class='ocrx_word' id='word_1_261' title='bbox 1050 2193 1056 2213; x_wconf 88' lang='lat'><strong>:</strong></span> <span class='ocrx_word' id='word_1_262' title='bbox 1082 2182 1185 2223; x_wconf 77' lang='grc' dir='ltr'>ζῶντα</span> <span class='ocrx_word' id='word_1_263' title='bbox 1203 2184 1370 2214; x_wconf 78' lang='grc' dir='ltr'>ποινᾶσθαι</span> <span class='ocrx_word' id='word_1_264' title='bbox 1385 2180 1454 2211; x_wconf 91' lang='lat' dir='ltr'>VL</span> <span class='ocrx_word' id='word_1_265' title='bbox 1466 2180 1492 2211; x_wconf 91' lang='lat' dir='ltr'>P</span> 
     </span>
     <span class='ocr_line' id='line_1_33' title="bbox 168 2223 1491 2269; baseline -0.003 -11"><span class='ocrx_word' id='word_1_266' title='bbox 168 2238 228 2267; x_wconf 91' lang='lat'>179</span> <span class='ocrx_word' id='word_1_267' title='bbox 251 2229 284 2269; x_wconf 77' lang='grc' dir='ltr'>γ’</span> <span class='ocrx_word' id='word_1_268' title='bbox 303 2229 355 2259; x_wconf 87' lang='lat' dir='ltr'>O:</span> <span class='ocrx_word' id='word_1_269' title='bbox 383 2238 447 2259; x_wconf 89' lang='lat' dir='ltr'>om.</span> <span class='ocrx_word' id='word_1_270' title='bbox 466 2228 536 2258; x_wconf 85' lang='lat' dir='ltr'>rell.</span> <span class='ocrx_word' id='word_1_271' title='bbox 670 2226 790 2268; x_wconf 78' lang='grc' dir='ltr'>παρών]</span> <span class='ocrx_word' id='word_1_272' title='bbox 810 2227 921 2263; x_wconf 83' lang='grc' dir='ltr'>λαβών</span> <span class='ocrx_word' id='word_1_273' title='bbox 935 2226 965 2257; x_wconf 94' lang='lat' dir='ltr'>O</span> <span class='ocrx_word' id='word_1_274' title='bbox 1134 2227 1195 2256; x_wconf 90' lang='lat'>180</span> <span class='ocrx_word' id='word_1_275' title='bbox 1218 2225 1325 2265; x_wconf 77' lang='grc' dir='ltr'>δόμοις</span> <span class='ocrx_word' id='word_1_276' title='bbox 1342 2223 1437 2255; x_wconf 83' lang='lat' dir='ltr'><strong>Harl.</strong></span> <span class='ocrx_word' id='word_1_277' title='bbox 1457 2228 1491 2254; x_wconf 85' lang='lat' dir='ltr'>et</span> 
     </span>
     <span class='ocr_line' id='line_1_34' title="bbox 165 2267 1492 2310; baseline -0.002 -9"><span class='ocrx_word' id='word_1_278' title='bbox 165 2280 331 2310; x_wconf 84' lang='lat' dir='ltr'>suprascr.</span> <span class='ocrx_word' id='word_1_279' title='bbox 351 2271 399 2301; x_wconf 91' lang='lat' dir='ltr'>L:</span> <span class='ocrx_word' id='word_1_280' title='bbox 424 2270 538 2310; x_wconf 83' lang='grc' dir='ltr'>δόμους</span> <span class='ocrx_word' id='word_1_281' title='bbox 556 2271 583 2301; x_wconf 95' lang='lat' dir='ltr'>L</span> <span class='ocrx_word' id='word_1_282' title='bbox 599 2270 670 2301; x_wconf 85' lang='lat' dir='ltr'>rell.</span> <span class='ocrx_word' id='word_1_283' title='bbox 830 2271 887 2300; x_wconf 91' lang='lat'>181</span> <span class='ocrx_word' id='word_1_284' title='bbox 914 2270 1008 2302; x_wconf 85' lang='grc' dir='ltr'>τόνδε</span> <span class='ocrx_word' id='word_1_285' title='bbox 1027 2268 1075 2300; x_wconf 84' lang='lat' dir='ltr'>P:</span> <span class='ocrx_word' id='word_1_286' title='bbox 1100 2279 1184 2300; x_wconf 87' lang='lat' dir='ltr'>corr.</span> <span class='ocrx_word' id='word_1_287' title='bbox 1200 2273 1226 2310; x_wconf 84' lang='lat' dir='ltr'><em>p</em></span> <span class='ocrx_word' id='word_1_288' title='bbox 1347 2267 1492 2305; x_wconf 75' lang='grc' dir='ltr'>αἰτήσεις</span> 
     </span>
     <span class='ocr_line' id='line_1_35' title="bbox 167 2309 1490 2355; baseline -0.004 -10"><span class='ocrx_word' id='word_1_289' title='bbox 167 2314 194 2344; x_wconf 93' lang='lat' dir='ltr'>L</span> <span class='ocrx_word' id='word_1_290' title='bbox 215 2314 253 2352; x_wconf 87' lang='lat' dir='ltr'>P,</span> <span class='ocrx_word' id='word_1_291' title='bbox 271 2315 311 2346; x_wconf 88' lang='lat' dir='ltr'>cf.</span> <span class='ocrx_word' id='word_1_292' title='bbox 334 2315 414 2346; x_wconf 79' lang='lat' dir='ltr'>Chr.</span> <span class='ocrx_word' id='word_1_293' title='bbox 435 2313 505 2346; x_wconf 84' lang='lat' dir='ltr'>Pat.</span> <span class='ocrx_word' id='word_1_294' title='bbox 531 2324 635 2355; x_wconf 86' lang='lat'><strong>1972:</strong></span> <span class='ocrx_word' id='word_1_295' title='bbox 660 2314 777 2355; x_wconf 79' lang='grc' dir='ltr'>αἰτήσῃ</span> <span class='ocrx_word' id='word_1_296' title='bbox 794 2312 864 2344; x_wconf 93' lang='lat' dir='ltr'>VO</span> <span class='ocrx_word' id='word_1_297' title='bbox 884 2313 1026 2353; x_wconf 83' lang='grc' dir='ltr'>(αἰτήσει</span> <span class='ocrx_word' id='word_1_298' title='bbox 1043 2312 1088 2354; x_wconf 85' lang='lat' dir='ltr'>V)</span> <span class='ocrx_word' id='word_1_299' title='bbox 1245 2312 1305 2342; x_wconf 80' lang='lat'>182</span> <span class='ocrx_word' id='word_1_300' title='bbox 1327 2313 1442 2351; x_wconf 80' lang='grc' dir='ltr'>μολεῖν</span> <span class='ocrx_word' id='word_1_301' title='bbox 1460 2309 1490 2340; x_wconf 93' lang='lat' dir='ltr'>O</span> 
     </span>
     <span class='ocr_line' id='line_1_36' title="bbox 170 2356 961 2398; baseline -0.001 -10"><span class='ocrx_word' id='word_1_302' title='bbox 170 2357 229 2397; x_wconf 82' lang='lat'>183</span> <span class='ocrx_word' id='word_1_303' title='bbox 256 2358 414 2397; x_wconf 79' lang='grc' dir='ltr'>διαῖμονος</span> <span class='ocrx_word' id='word_1_304' title='bbox 432 2357 463 2387; x_wconf 93' lang='lat' dir='ltr'>V</span> <span class='ocrx_word' id='word_1_305' title='bbox 597 2358 655 2395; x_wconf 81' lang='lat'>184</span> <span class='ocrx_word' id='word_1_306' title='bbox 679 2357 712 2398; x_wconf 79' lang='grc' dir='ltr'>’γ’</span> <span class='ocrx_word' id='word_1_307' title='bbox 729 2357 759 2387; x_wconf 93' lang='lat' dir='ltr'>V</span> <span class='ocrx_word' id='word_1_308' title='bbox 771 2356 821 2388; x_wconf 90' lang='lat' dir='ltr'>O:</span> <span class='ocrx_word' id='word_1_309' title='bbox 847 2356 878 2388; x_wconf 83' lang='grc' dir='ltr'>τ’</span> <span class='ocrx_word' id='word_1_310' title='bbox 896 2356 923 2387; x_wconf 91' lang='lat' dir='ltr'>L</span> <span class='ocrx_word' id='word_1_311' title='bbox 935 2356 961 2387; x_wconf 91' lang='lat' dir='ltr'>P</span> 
     </span>
    </p>
   </div>
  </div>
 </body>
</html>
