1658 2740
617 203 930 256 ΡΗΣΟΣ

517 447 805 486 ΎΠΟΘΕΣΙΣ
855 448 1036 486 ΡΗΣΟΎ

153 552 286 600 ’Έκτωρ
320 556 389 590 τοῖς
416 552 589 598 ’Ἓλλησιν
626 554 803 590 ἐπικοιτῶν
842 554 992 591 ἀκούσας
1032 556 1152 591 αὐτοὺς
1194 557 1283 601 πυρὰ
1325 557 1441 596 καίειν,

113 612 285 658 εὐλαβήθη
309 613 352 657 μὴ
379 612 545 659 φύγωσιν.
596 612 787 656 ἐξοπλίζειν
813 613 849 647 δὲ
876 614 1061 659 διεγνωκὼς
1086 614 1145 649 τὰς
1171 614 1324 658 δυνάμεις·
1349 629 1441 659 μετε-

113 672 233 714 νόησεν
252 671 383 706 Αἰνείου
401 670 728 716 συμβουλεὺσαντος
750 671 943 716 ἡσυχάζειν,
962 672 1179 707 κατάσκοπον
1201 672 1236 707 δέ
1258 673 1442 717 πέμψαντα

113 727 154 763 δι’
185 728 311 764 ἐκείνου
344 729 404 773 τὴν
437 729 598 775 ἀλήθειαν
632 730 824 774 ἱστορῆσαι.
875 731 1017 764 Δόλωνα
1051 729 1086 764 δὲ
1119 731 1202 776 πρὸς
1231 730 1292 774 τὴν
1327 731 1443 776 χρείαν

112 786 352 822 ὑπακούσαντα
385 787 639 832 ἐκπέμπεσθαι.
659 814 667 823 .
687 813 695 822 .
713 790 818 822 τόπον
847 787 892 823 εἷς
924 787 984 831 τὴν
1011 788 1234 833 παρεμβολὴν
1264 788 1443 834 ἀφώρισεν

113 847 208 893 αὐτῷ.
258 846 481 892 ἐπιφανέντες
505 847 539 881 δέ
564 848 595 882 οἶ
615 847 691 892 περὶ
711 848 771 882 τὸν
788 846 973 889 Ὀδυσσέα,
995 849 1135 882 Δόλωνα
1153 849 1214 893 μὲν
1231 847 1443 894 ἀνῃρηκότες,

112 904 168 940 ἐπὶ
202 904 237 938 δέ
273 904 331 947 τὴν
358 903 524 950 ’Έκτορος
557 906 794 949 κατηντηκότες
832 905 956 948 σκηνὴν
989 906 1094 940 πάλιν
1127 906 1347 952 ὑπέστρεφον
1381 907 1444 952 οὐχ

113 963 266 1007 εὑρόντες
294 962 352 996 τὸν
378 964 579 1008 στρατηγόν.
631 962 688 998 οὓς
714 961 837 1007 Ἀθηνᾶ
864 963 1032 1008 κατέσχεν
1066 963 1272 1008 ἐπιφανεῖσα
1302 965 1354 999 καὶ
1387 966 1445 999 τὸν

112 1019 172 1064 μὲν
187 1018 335 1064 ’Ἕκτορα
356 1019 518 1054 ἐκέλευσε
540 1021 584 1065 μὴ
607 1021 726 1064 ζητεῖν,
745 1019 868 1064 Ῥῆσον
892 1021 927 1055 δὲ
953 1020 1100 1066 ἀναιρεῖν
1122 1022 1278 1065 ἐπέταξε·
1304 1023 1361 1057 τὸν
1378 1023 1444 1068 γὰρ

112 1078 148 1112 ἐκ
165 1076 285 1111 τούτου
302 1076 452 1111 κίνδυνον
469 1077 613 1112 ἔσεσθαι
631 1079 764 1122 μείζονα
783 1080 853 1113 τοῖς
865 1078 1051 1122 ”Ελλησιν,
1065 1079 1123 1113 ε’ὰν
1141 1081 1263 1123 βιώσῃ.
1312 1079 1444 1115 τούτοις

114 1134 150 1169 δὲ
182 1133 357 1178 ἐπιφανεὶς
390 1132 615 1178 Ἀλέξανδρος
651 1134 860 1170 ἐπίστασθαί
893 1134 1010 1181 (φησι)
1043 1137 1213 1181 πολεμίων
1244 1138 1441 1183 παρουσίαν.

114 1191 332 1236 ἐξαπατηθεὶς
365 1191 401 1225 δέ
435 1191 500 1226 ὑπὸ
530 1191 682 1235 Ἀθηνᾶς,
715 1192 759 1227 ὡς
792 1192 891 1237 δῆθεν
923 1193 988 1228 ὑπὸ
1022 1192 1240 1239 Ἀφροδίτης,
1274 1195 1444 1241 ι’ίπρακτος

113 1249 342 1295 ὑπέστρεψεν·
377 1249 408 1283 οἱ
433 1249 469 1283 δέ
494 1249 571 1295 περὶ
597 1249 766 1294 Διομήδην
795 1250 1024 1295 φονεύσαντες
1043 1250 1166 1297 Ῥῆσον
1191 1251 1443 1299 ἐχωρίσθησαν.

114 1308 167 1342 καὶ
185 1307 203 1351 ἡ
226 1306 390 1352 συμφορὰ
413 1309 478 1341 τῶν
499 1306 712 1352 ἀνῃρημένων
733 1306 804 1343 καθ’
825 1308 907 1344 ὅλον
925 1307 1008 1352 ἦλθε
1024 1310 1063 1345 τὸ
1081 1311 1285 1356 στράτευμα.
1334 1327 1443 1357 παρα-

113 1366 294 1410 γενομένου
337 1364 373 1399 δέ
409 1364 584 1409 ‘'Exi-opos,
617 1363 670 1399 ἵνα
714 1365 811 1401 αὐτὸς·
847 1368 1058 1413 περιγίνηται
1090 1371 1156 1403 τῶν
1188 1369 1442 1414 πεπραγμένων,

113 1422 316 1469 τετρωμένος
344 1424 362 1457 ὁ
389 1424 448 1457 τοῦ
478 1421 600 1467 Ῥήσου
632 1423 835 1468 ἐπιμελητὴς·
866 1423 908 1458 δι’
935 1425 1038 1460 αὐτοῦ
1065 1427 1176 1470 φησιν
1196 1425 1360 1469 Ἕκτορος
1386 1428 1444 1461 τὸν

115 1481 223 1526 φόνον
239 1479 451 1527 γεγενῆσθαι.
517 1483 578 1515 τοῦ
615 1480 651 1515 δέ
682 1479 847 1527 ’Έκτορος
879 1482 1160 1528 ἀπολογουμένου
1193 1483 1253 1527 τὴν
1286 1483 1444 1527 ἀλήθειαν

113 1539 226 1575 αὐτοῖς
265 1538 431 1584 ἐμήνυσεν
474 1539 493 1583 ἡ
534 1541 594 1573 τοῦ
635 1537 758 1583 Ῥήσου
796 1541 902 1586 μήτηρ
939 1540 958 1585 ἡ
988 1567 1140 1577 .....
1167 1543 1291 1576 Μοῦσα
1327 1543 1442 1587 νεκρὸν

114 1597 298 1641 κομίζουσα
331 1598 369 1632 τὸ
406 1601 515 1643 σῶμα.
574 1597 821 1644 κατοδυρομένη
858 1598 894 1633 δέ
929 1598 982 1633 καὶ
1014 1599 1071 1633 τὸν
1104 1598 1331 1634 ἐπιπλακέντα
1362 1600 1443 1642 αὐτῇ

115 1658 289 1702 Στρυμόνα
317 1656 372 1691 διὰ
401 1658 439 1692 τὸ
467 1659 528 1692 τοῦ
555 1657 675 1693 παιδὸς
699 1656 821 1693 πένθος
847 1656 900 1691 καὶ
925 1657 983 1692 τὸν
1009 1657 1047 1701 ἐξ
1074 1657 1199 1692 ἐκείνου
1224 1657 1444 1703 γεγενημένον

158 1754 406 1794 Argumentum
431 1766 494 1787 orn.
522 1755 573 1786 O:
606 1766 658 1786 vv.
688 1756 770 1785 1-26
796 1764 859 1785 om.
888 1754 952 1784 LP
1091 1764 1102 1783 1
1130 1753 1225 1795 πυρὰ]
1245 1756 1304 1795 πῦρ
1326 1754 1378 1784 V:
1413 1757 1443 1786 δι

116 1805 216 1836 ελλης
233 1800 332 1839 πυρὰν
351 1798 447 1830 Harl.
464 1810 470 1830 :
497 1799 536 1831 δι’
555 1800 633 1837 ὅλης
651 1799 758 1836 δείλης
777 1799 857 1837 πυρὰ
875 1796 1054 1828 Wecklein
1069 1807 1076 1827 ε
1103 1797 1210 1835 δείλης
1227 1798 1308 1837 πυρὰ
1324 1796 1443 1828 Nauck

116 1851 135 1880 5
167 1847 243 1881 post
267 1842 481 1881 ἐκπέμπεσθαι
506 1842 659 1873 lacunam
687 1842 803 1872 statuit
831 1841 997 1871 Morstadt
1130 1840 1230 1872 τόπον
1254 1850 1317 1871 om.
1344 1840 1439 1871 Harl.

117 1895 134 1924 7
160 1885 399 1923 κατηντηκότες
425 1886 548 1924 σκηνὴν
573 1884 688 1916 Harl:
725 1885 836 1922 κοίτην
862 1894 934 1914 cum
961 1884 1068 1924 spatio
1091 1893 1197 1914 vacuo
1225 1883 1295 1914 sere
1322 1894 1443 1915 novem

116 1928 302 1959 litterarum
341 1928 372 1959 V
610 1928 810 1970 ὑπέστρεφον
852 1928 987 1959 Ham:
1035 1927 1238 1968 ἀπέστρεφον
1276 1926 1306 1957 V
1345 1927 1440 1958 Harl.

116 1972 137 2001 8
169 1973 360 2012 ἐπιφανεῖσα
383 1972 549 2013 κατέσχεν
571 1972 611 2004 V.
638 1972 762 2003 hiatum
788 1971 914 2002 faciens
1050 1981 1089 2002 10
1117 1975 1193 2010 post
1216 1970 1332 2002 τούτου
1354 1976 1440 2010 spat.

116 2025 188 2047 vae.
214 2015 311 2046 trium
338 2016 526 2047 litterarum
551 2016 585 2046 in
609 2016 640 2046 V
737 2014 866 2055 μείζονα
894 2015 1022 2047 ἔσεσθαι
1048 2014 1079 2045 V
1169 2013 1294 2046 τούτοις
1323 2013 1443 2045 Harl.:

116 2058 278 2090 τούτωνν
369 2070 403 2090 11
429 2060 619 2091 ἐπίστασθαι
633 2057 748 2090 HarL:
771 2061 821 2090 ε’πι
840 2068 912 2089 cum
926 2063 1011 2097 spat.
1029 2068 1101 2089 vac.
1117 2068 1179 2089 sex
1196 2056 1442 2088 litterarumV:

118 2102 310 2134 ἐπίστασθαί
322 2109 402 2142 φησι
413 2102 659 2133 Wilamowitz:
679 2102 867 2143 ἐπήγγελλε
877 2101 1056 2132 Wecklein
1137 2102 1279 2141 πολέμου
1287 2100 1318 2131 V
1329 2100 1440 2132 HarL:

117 2155 202 2176 corr.
218 2145 400 2177 Kirchhoff
484 2156 524 2185 13
543 2145 782 2188 ἐχωρίσθησαν]
798 2146 1008 2186 ἀνεχώρησαν
1020 2145 1137 2176 Nauck
1228 2153 1265 2182 15
1282 2144 1442 2186 περιγένη-

117 2202 169 2220 ται
181 2188 234 2219 V:
257 2189 461 2230 περιγένηται
474 2188 568 2220 Harl.
584 2200 591 2219 :
607 2188 802 2226 πυνθάνηται
814 2188 988 2219 Schwartz
1080 2190 1119 2219 16
1135 2196 1234 2229 φησιν
1245 2187 1441 2219 Kirchhoff:

118 2238 217 2272 φασιν
235 2231 331 2263 Harl.
350 2243 358 2263 ε
381 2233 528 2272 spatium
544 2242 685 2263 vacuum
704 2231 734 2261 V
821 2232 878 2263 τὸν
896 2231 993 2262 Harl.
1011 2244 1016 2262 ε
1041 2242 1105 2262 οηι.
1125 2232 1156 2261 V
1255 2232 1294 2262 18
1319 2231 1406 2262 inter
1421 2232 1441 2270 ἡ

119 2279 154 2305 et
167 2277 280 2307 Μοῦσα
293 2276 438 2315 spatium
452 2285 592 2306 vacuum
606 2275 676 2306 sere
690 2274 837 2314 quinque
850 2273 1038 2305 litterarum
1047 2275 1078 2305 V
1091 2287 1097 2306 :
1114 2274 1295 2317 Τερψιχόρη
1305 2275 1441 2315 supplet

119 2317 312 2350 Schwartz:
337 2318 378 2349 cf.
397 2318 636 2358 Aristophanis
652 2317 733 2357 Arg.
847 2327 886 2357 19
911 2317 1050 2358 κομίζειν
1065 2317 1095 2348 V
1168 2317 1442 2359 κάποδνρομένην

120 2371 163 2392 20
185 2362 327 2393 sortasse
344 2362 395 2394 καὶ
412 2364 450 2394 τὸ
468 2365 500 2404 ἐξ
517 2362 638 2395 ἐκείνου
653 2364 848 2403 ’γεγενῆσθαι

1298 2415 1355 2448 ·23’“κ

1463 802 1480 834 5

1468 1091 1505 1114 10

1465 1668 1504 1690 20
