1658 2740
672 119 896 158 ΒΑΚΧΑΙ

123 225 194 274 Αγ.
224 222 268 263 τὸ
294 225 490 276 φίλτατον
516 227 558 267 δὲ
585 228 698 275 σῶμα
724 227 798 265 ποῦ
824 224 972 270 παιδός,
1000 223 1142 277 πάτερ,·

123 292 193 330 Κα.
224 291 301 342 ἐγὼ
327 291 441 342 μόλις
467 291 546 332 τόδ’
573 289 831 344 ἐξερευνήσας
857 289 977 343 φέρω.

122 358 192 408 Ay.
223 356 244 408 ἦ
271 360 348 399 πᾶν
374 359 416 399 ἐν
443 358 599 410 ἄρθροις
626 356 946 414 συγκεκλῃμένον
971 361 1118 403 καλῶς,·
1361 372 1444 404 1300

122 493 192 541 Αγ.
225 494 372 532 Πενθεῖ
393 494 433 532 δὲ
459 494 500 532 τί
520 491 637 544 μέρος
662 491 892 543 ἀφροσύνης
919 489 1085 542 προσῆκ’
1111 491 1225 542 ἐμῆς;

122 559 195 597 Κα.
220 558 310 608 ὑμῖν
336 558 482 610 ἐγένεθ’
506 560 650 610 ὅμοιος,
679 558 723 599 οὐ
748 557 885 609 σέβων
911 558 1013 598 θεόν.

220 626 360 676 τοιγὰρ
384 627 542 677 συνῆψε
568 625 716 667 πάντας
742 626 781 666 ἐς
806 625 898 675 μίαν
924 624 1103 675 βλάβην,

220 691 317 741 ὑμᾶς
343 707 385 732 τε
410 692 523 733 τόνδε
550 691 597 739 θ’,
625 692 729 733 ὥστε
755 690 938 732 διολέσαι
964 692 1109 742 δόμους

221 757 322 808 κᾶμ’,
351 759 461 800 ὅστις
485 758 647 801 ἄτεκνος
674 757 853 812 ἀρσένων
878 758 1028 799 παίδων
1054 759 1179 810 γεγὼς
1359 772 1442 806 1305

219 826 286 873 τῆς
312 826 385 875 σῆς
409 824 489 866 τόδ’
515 825 636 878 ἔρνος,
659 824 688 866 ὦ
712 825 891 870 τάλαινα,
918 825 1057 874 νηδύος

219 891 415 944 αἴσχιστα
442 892 504 932 καὶ
530 892 697 933 κάκιστα
723 891 952 932 κατθανόνθ’
977 892 1066 943 ὁρῶ,

218 955 246 1011 ᾧ
270 957 363 1009 δῶμ’
390 957 688 1011 ἀνέβλεφ’-ὃς
713 962 908 1011 συνεῖχες,
935 956 964 998 ὦ
988 957 1137 1004 τέκνον,

220 1023 364 1075 τούμὸν
387 1024 601 1077 μέλαθρον,
628 1025 767 1068 παιδὸς
792 1024 838 1075 ἐξ
860 1026 954 1076 ἐμῆς
978 1025 1116 1077 γεγώς,

219 1091 335 1131 πόλει
359 1108 401 1132 τε
425 1090 574 1144 τάρβος
600 1091 717 1143 ἦσθα·
755 1091 823 1131 τὸν
849 1091 1015 1143 γέροντα
1039 1092 1081 1131 δὲ
1358 1103 1444 1136 1310

220 1156 346 1199 οὐδεὶς
370 1157 546 1209 ὑβρίζειν
572 1157 684 1208 ἤθελ’
711 1159 878 1210 εἰσορῶν
901 1156 946 1197 τὸ
973 1156 1047 1197 σὸν

221 1222 331 1276 κάρα·
368 1224 478 1274 δίκην
504 1225 579 1277 γὰρ
606 1222 719 1274 ἀξίαν
744 1223 981 1275 ἐλάμβανες.

187 1330 189 1333 .
222 1293 289 1331 νῦν
314 1289 346 1330 δ’
372 1291 415 1331 ἐκ
439 1291 570 1343 δόμων
594 1290 730 1343 ἄτιμος
757 1289 1063 1342 ἐκβεβλήσομαι

220 1357 241 1396 ὁ
266 1355 423 1408 Κάδμος
448 1358 468 1397 ὁ
493 1357 630 1410 μέγας,
657 1357 698 1400 ὃς
723 1357 767 1398 τὸ
795 1358 990 1408 Θηβαίων
1014 1356 1131 1410 γένος

191 1472 193 1475 v
220 1423 385 1476 ἔσπειρα
410 1422 619 1476 κάξήμησα
645 1423 864 1465 κάλλιστον
888 1424 1014 1476 θέρος.
1360 1438 1444 1471 1315

219 1488 249 1531 ὦ
275 1490 436 1543 φίλτατ’
462 1491 737 1544 ἀνδρῶν-καὶ
761 1493 837 1544 γὰρ
861 1490 984 1531 οὐκέτ’
1010 1490 1063 1532 ὣν
1088 1491 1192 1542 ὅμως

221 1560 298 1598 τῶν
324 1556 528 1609 φιλτάτων
554 1558 678 1612 ἔμοιγ’
704 1556 915 1615 ἀριθμήσῃ,
942 1557 1140 1599 τέκνον-

220 1621 350 1664 οὐκέτι
375 1626 526 1676 γενείου
551 1628 663 1667 τοῦδε
689 1623 886 1678 θιγγάνων
911 1626 1010 1678 χερί,

222 1689 289 1731 τὸν
313 1690 486 1744 μητρὸς
511 1691 638 1732 αὐδῶν
663 1690 842 1743 πατέρα
865 1689 1113 1747 προσπτύξῃ,
1140 1690 1291 1738 τέκνον,

221 1755 365 1809 λέγων·
402 1759 473 1800 Τίς
498 1759 633 1809 ἀδικεῖ,
662 1758 720 1801 τίς
746 1757 784 1798 σ’
810 1757 999 1808 ἀτιμάζει,
1026 1757 1162 1811 γέρον,·
1364 1771 1445 1804 1320

222 1823 280 1865 τίς
306 1822 382 1876 σὴν
405 1823 599 1876 ταράσσει
625 1826 784 1878 καρδίαν
810 1823 984 1877 λυπηρὸς
1009 1824 1082 1872 ὤν,·

221 1889 321 1943 λέγ’,
349 1890 399 1935 ὡς
426 1891 576 1942 κολάζω
603 1895 671 1933 τὸν
695 1890 903 1933 ἀδικοῦντά
929 1890 981 1938 σ’,
1009 1889 1038 1931 ὦ
1064 1890 1202 1944 πάτερ.

169 1992 252 2022 1300
273 1983 293 2022 ἢ
313 1988 346 2015 et
363 1983 628 2025 συγκεκλῃμένον
641 1983 964 2026 Ρ(συγκεκλειμε’νον
973 1985 1011 2024 p)
1117 1988 1194 2023 post
1214 1993 1297 2024 1300
1311 1994 1446 2016 versum

123 2025 244 2058 Cadmi
254 2027 376 2058 deesse
387 2028 733 2066 indicavitVictorius‚
744 2028 804 2059 sed
817 2027 930 2058 nescio
942 2037 985 2058 an
999 2026 1119 2058 melius
1131 2027 1182 2058 hic
1193 2028 1291 2058 sileat
1302 2028 1447 2061 Cadmus

123 2079 176 2100 vv.
206 2072 399 2110 1298—1300
416 2071 494 2102 hinc
519 2071 621 2102 alieni
638 2081 681 2102 ex
703 2072 744 2102 iis
768 2081 853 2111 quae
872 2075 950 2110 post
974 2080 1056 2110 1329
1075 2071 1248 2111 perierunt
1265 2081 1447 2111 superesse

123 2112 282 2145 videntur
312 2114 596 2147 Wilamowitzio:
629 2114 755 2147 mavult
790 2114 921 2145 Robert
950 2124 1105 2154 magnam
1138 2120 1215 2154 post
1250 2124 1334 2153 1300
1360 2114 1447 2147 lacu-

124 2166 201 2188 nam
235 2167 365 2197 ponere
397 2158 431 2188 in
470 2168 536 2198 qua
573 2158 701 2191 suerint
741 2157 939 2198 compositio
976 2158 1202 2189 membrorum
1241 2157 1385 2190 Penthei
1415 2163 1449 2189 et

124 2200 264 2240 Agavae
288 2200 322 2231 in
347 2211 384 2232 se
409 2201 516 2242 ipsam
540 2202 709 2234 accusatio
729 2201 829 2233 :vide
849 2201 912 2232 sub
929 2200 997 2232 fine
1015 2201 1146 2232 fabulae
1327 2203 1409 2241 1308
1427 2200 1450 2243 ᾧ

126 2243 169 2275 Ρ;
193 2245 231 2276 ὃν
247 2254 411 2284 suprascr.
426 2250 451 2285 p
541 2245 723 2284 ἀνέβλεπεν
741 2245 787 2276 Ρ;
812 2254 898 2276 corr.
920 2244 1071 2284 Elmsley
1162 2254 1244 2284 1312
1270 2245 1447 2285 ἐλάμβανες

125 2286 322 2318 Hermann:
348 2288 533 2328 ἐλάμβανεν
558 2289 608 2320 P:
632 2289 673 2320 cf.
704 2289 786 2320 Hdt.
814 2288 834 2320 i.
862 2297 934 2328 115,
959 2287 1014 2319 vii.
1041 2298 1084 2328 39
1228 2299 1310 2328 1317
1335 2288 1450 2321 τέκνον

126 2330 266 2362 Reiske:
283 2331 404 2364 τέκνων
415 2332 442 2362 Ρ
533 2333 614 2372 1318
627 2332 788 2375 θιγγάνων
801 2332 974 2363 Brodeau:
992 2331 1132 2373 θιγγάνω
1145 2331 1172 2362 Ρ
1258 2341 1340 2373 1319
1354 2345 1449 2374 προσ-

125 2374 223 2416 πτέξῃ
241 2375 392 2414 primitus
411 2375 437 2406 P
566 2386 647 2422 1320
670 2376 720 2409 τίς
738 2377 840 2409 ἀδικεῖ
855 2375 988 2407 Barnes
1006 2386 1013 2406 :
1037 2376 1085 2409 τίς
1107 2375 1136 2409 σ’
1155 2377 1257 2409 ἀδικεῖ
1274 2376 1300 2406 Ρ
