1658 2740
664 113 1011 151 ΕΥΡΙΠΙΔΟΥ

278 213 297 226 ᾧ

275 234 303 253 ω
331 215 473 266 πατρὸς
501 216 642 266 ὅμαιμε
670 219 764 262 θεῖε,
792 217 860 256 τὸν
888 219 983 257 κατὰ
1008 218 1152 270 χθονὸς

271 280 425 321 θανόντ’
451 281 606 322 ἀκούειν
633 281 725 323 τάδε
752 283 871 332 δόκει,
901 284 1132 335 ποτωμένην
1437 291 1500 331 675

269 347 406 400 ψυχὴν
430 349 528 401 ὑπὲρ
555 352 640 396 σοῦ,
673 350 735 390 καὶ
760 349 898 402 λέγειν
921 353 946 393 ἃ
971 354 1049 405 ἐγὼ
1074 353 1195 405 λέγω,

271 414 377 454 ταῦτ’
403 415 442 457 ἔς
468 432 511 456 τε
536 416 683 468 δάκρυα
711 416 773 456 καὶ
799 416 916 469 γόους
942 417 1005 457 καὶ
1031 417 1254 472 συμφοράς.

336 482 470 533 εἴρηκα
497 481 700 539 κάπῄτηκα
723 483 794 534 τὴν
820 485 1032 536 σωτηρίαν,

270 549 397 599 θηρῶν
423 548 443 588 ὃ
469 548 615 592 πάντες
644 551 736 591 κούκ
763 551 840 603 ἐγὼ
869 551 967 601 ζητῶ
992 551 1125 602 μόνος.

169 615 241 653 Χο,
269 615 374 666 κάγώ
403 615 440 654 σ’
467 618 648 667 ἱκνοῦμαι
676 618 738 657 καὶ
764 616 861 669 γυνή
888 635 960 669 περ
986 618 1071 658 οῧσ’
1097 619 1202 669 ὅμως
1439 624 1501 655 680

265 684 347 722 τοῖς
372 682 621 733 δεομένοισιν
650 683 837 736 ὠφελεῖν·
879 684 961 726 οἶός
985 701 1028 725 τε
1057 684 1089 725 δ’
1116 685 1162 725 εἶ.

169 748 245 786 Me.
273 747 445 799 Ὀρέστ’,
479 749 555 801 ἐγώ
581 767 643 790 τοι
671 749 745 790 σὸν
771 753 1025 802 καταιδοῦμαι
1051 750 1149 803 κάρα

269 815 329 854 καὶ
356 814 607 866 ξυμπονῆσαι
634 820 722 858 σοῖς
749 820 906 857 κακοῖσι,
931 818 1145 869 βούλομαι·

271 881 333 920 καὶ
359 881 433 934 χρὴ
459 884 533 935 γὰρ
562 883 661 922 οὕτω
690 887 768 923 τῶν
794 884 1020 935 ὁμαιμόνων
1046 886 1144 925 κακὰ

265 947 565 999 ξυνεκκομίζειν,
595 950 761 1000 δύναμιν
786 947 835 1000 ἢν
861 954 952 1006 διδῷ
980 952 1080 997 θεός,
1434 956 1496 997 685

266 1013 489 1072 θνῄσκοντα
515 1016 578 1056 καὶ
609 1018 812 1058 κτείνοντα
836 1018 926 1060 τοὺς
953 1019 1166 1060 ἐναντίους·

265 1085 309 1122 τὸ
335 1082 367 1122 δ’
392 1083 439 1123 αὖ
464 1083 657 1124 δύνασθαι
685 1084 782 1136 πρὸς
809 1087 909 1125 θεῶν
936 1083 1066 1141 χρῄζω
1092 1088 1240 1140 τυχεῖν.

264 1148 346 1199 ἥκω
370 1151 445 1202 γὰρ
471 1151 622 1203 ἀνδρῶν
652 1150 875 1205 συμμάχων
903 1152 1015 1193 κενὸν
1041 1153 1133 1204 δόρυ

265 1216 381 1270 ἔχων,
409 1217 570 1257 πόνοισι
598 1219 751 1270 μυρίοις
779 1219 994 1270 ἀλώμενος,

265 1284 410 1337 σμικρᾷ
432 1284 507 1324 σὺν
531 1284 632 1341 ἀλκῇ
656 1288 733 1325 τῶν
759 1285 1033 1336 λελειμμένων
1059 1286 1202 1337 φίλων.
1429 1290 1494 1333 690

262 1348 371 1406 μάχῃ
396 1353 469 1401 μὲν
494 1350 562 1391 οὖν
586 1350 635 1392 ἂν
662 1351 735 1405 οὐχ
762 1352 1090 1404 ὑπερβαλοίμεθα

262 1417 481 1470 Πελασγὸν
502 1416 662 1470 Ἄργος·
700 1421 734 1459 εἶ
763 1421 805 1459 δὲ
828 1422 1046 1469 μαλθακοῖς
1072 1419 1211 1471 λόγοις

261 1484 474 1535 δυναίμεθ’,
502 1485 655 1525 ἐνταῦθ’
685 1487 846 1527 ἐλπίδος
874 1485 1142 1538 προσήκομεν.

264 1555 468 1602 σμικροῖσι
492 1554 564 1602 μὲν
589 1554 662 1604 γὰρ
690 1551 847 1604 μεγάλα
872 1556 954 1595 πῶς
983 1553 1070 1593 ἕλοι
1097 1569 1156 1594 τις
1183 1552 1250 1600 ἄν,·

263 1613 480 1668 [πόνοισιν,·
523 1619 669 1669 ἀμαθὲς
695 1619 757 1659 καὶ
785 1619 831 1660 τὸ
855 1619 1081 1670 βούλεσθαι
1106 1616 1227 1670 τάδε.]
1428 1624 1492 1665 695

321 1685 418 1725 ὅταν
442 1686 516 1737 γὰρ
542 1686 624 1740 ἡβᾷ
648 1688 768 1737 δῆμος
797 1687 852 1728 εἰς
878 1687 1000 1739 ὀργῆν
1024 1686 1173 1732 πεσών,

260 1751 396 1801 ὅμοιον
422 1752 527 1792 ὥστε
553 1755 626 1803 πῦρ
654 1752 909 1804 κατασβέσαι
936 1753 1106 1805 λάβρον·

259 1818 292 1857 εἶ
318 1817 349 1858 δ’
373 1817 535 1872 ἡσύχως
563 1835 621 1861 τις
650 1819 1045 1861 αὐτὸν-ἐντείνοντι
1069 1822 1140 1871 μὲν

208 1913 273 1951 676
298 1912 317 1944 ἃ
335 1912 398 1953 ἐγὼ
418 1912 451 1942 Μ
469 1923 475 1942 :
501 1910 569 1952 ἁγὼ
586 1910 658 1942 rell.
750 1912 815 1951 677
839 1909 932 1944 ταῦτ’
950 1911 1045 1942 codd.
1140 1911 1206 1950 678
1231 1911 1328 1952 εἴρηκ’
1348 1909 1497 1952 ἆπῇτηκα

165 1955 197 1985 Μ
331 1956 396 1994 679
421 1955 504 1995 ζητῶ
521 1965 587 1985 om.
606 1955 663 1985 M:
686 1955 764 1986 add.
788 1954 836 1985 Μ2
969 1955 1035 1984 680
1059 1960 1115 1986 Χο.
1138 1954 1288 1985 Canter:
1315 1959 1376 1986 Ηλ.
1395 1954 1492 1984 codd.

163 2000 223 2029 681
250 2013 300 2041 γρ.
328 2000 402 2031 ὅσος
424 1999 464 2030 τέ
484 1997 511 2030 δ’
535 1999 565 2030 εῑ
583 2009 626 2029 2¹:
650 1998 767 2035 voluit,
791 2003 885 2037 puto,
910 1998 988 2029 ὅσον
1011 2011 1049 2029 τε
1070 2000 1138 2029 δεΐε
1163 2011 1201 2029 τε
1224 2000 1275 2029 δεῖ
1296 1997 1450 2037 primitus
1467 1997 1496 2026 V

163 2044 228 2073 682
254 2044 317 2084 ἐγὼ
334 2044 372 2074 τὸ
387 2043 417 2072 V
519 2043 583 2080 685
609 2041 844 2082 ξυνεκκομίζειν
863 2042 888 2072 L
905 2052 911 2071 :
937 2040 1177 2080 συνεκκομίζειν
1194 2041 1264 2071 rell.
1370 2041 1433 2080 687
1457 2041 1496 2071 τὸ

166 2086 197 2116 Μ
211 2086 243 2116 A
254 2086 280 2116 B
292 2086 323 2116 V
338 2098 344 2116 ε
368 2088 425 2118 τοῦ
440 2085 467 2116 L
479 2085 505 2115 P
595 2087 660 2125 690
685 2086 800 2127 σμικρὰ
816 2084 848 2114 Μ
937 2085 1002 2124 693
1025 2083 1206 2124 δυναίμεσθ’
1223 2084 1350 2116 ἐνταῦτ’
1366 2083 1495 2115 ἐλπίδος

166 2130 345 2171 προήκομεν
362 2129 391 2158 V
407 2141 414 2160 ε
439 2129 583 2159 sortasse
601 2129 734 2161 ἐλπίδας
751 2128 964 2170 προσηκάμην
1093 2130 1156 2167 694
1181 2127 1241 2167 μὲν
1257 2130 1319 2170 γὰρ
1338 2127 1471 2176 Brunpk
1487 2138 1494 2157 :

165 2173 224 2211 μὲν
240 2174 281 2205 τὰ
298 2173 328 2202 Α
345 2184 351 2203 :
375 2173 434 2212 μὲν
449 2175 510 2213 -γὲρ
527 2174 566 2203 τὰ
584 2171 656 2203 rell.
792 2173 855 2211 695
881 2182 945 2202 om.
967 2172 997 2201 A
1015 2177 1048 2202 et
1067 2171 1129 2202 nisi
1150 2171 1248 2202 fallor
1265 2176 1288 2204 Σ
1306 2172 1494 2209 antiqulor:

167 2216 230 2247 del.
253 2217 389 2246 Brunck
405 2229 410 2246 :
437 2216 552 2246 habuit
570 2216 655 2246 alter
674 2219 697 2249 Σ
787 2215 855 2255 καὶ]
872 2217 934 2256 ’γὰρ
952 2217 1002 2246 καὶ
1021 2215 1053 2244 Μ
1070 2215 1095 2244 L
1209 2216 1273 2254 696
1298 2215 1380 2256 ὀργῇ
1398 2216 1495 2253 δῆμος

167 2262 211 2291 εἰς
237 2262 332 2298 Θυμὸν
357 2259 441 2301 πέσῃ
470 2259 563 2290 Stob.
595 2260 624 2289 ss.
655 2261 705 2297 46.
735 2269 779 2298 5:
814 2259 896 2300 ὀργᾷ
924 2261 1021 2298 δῆμος
1051 2260 1093 2290 εἷς
1123 2260 1219 2297 θυμὸν
1247 2259 1354 2289 πεσών
1382 2257 1495 2287 Naber

166 2304 228 2341 697
264 2304 368 2342 ὅμοιος
395 2303 424 2333 Ο
454 2303 596 2332 fortasse
626 2307 718 2332 recte
852 2303 917 2341 698
950 2315 999 2334 τις
1029 2303 1125 2333 αὐτὸν
1154 2302 1186 2330 Μ
1203 2301 1229 2331 L
1258 2301 1414 2340 primitus
1443 2300 1493 2329 B:

167 2359 215 2377 τις
233 2348 328 2377 αὑτὸν
348 2346 373 2374 Β
391 2359 395 2376 :
421 2359 469 2377 τις
488 2349 572 2385 αὐτῷ
589 2345 639 2376 Α;
665 2359 713 2377 τις
737 2347 822 2377 αὐτῶ
841 2347 873 2386 γ’
895 2345 921 2374 Ρ
938 2356 943 2374 :
969 2346 1010 2375 de
1026 2345 1056 2374 V
1074 2346 1235 2375 incertum
1253 2356 1259 2374 :
1284 2357 1333 2376 τις
1351 2344 1444 2375 αὐτὸς
1462 2342 1491 2372 Ο

167 2391 231 2427 698
246 2399 295 2427 sq.
322 2391 408 2428 αὐτῷ
425 2401 474 2420 τις
493 2389 670 2420 ἐκτείνοντι
687 2388 747 2427 μὲν
765 2388 873 2419 κάλων
890 2387 1073 2418 Wecklein
