1622 2740
711 134 924 170 EAENH

159 240 231 278 Xo.
257 237 376 278 πόλλ’
405 237 453 278 ἂν
477 237 630 290 γένοιτο
657 238 720 278 καὶ
746 239 809 278 διὰ
834 240 992 288 ψευδῶν
1020 239 1106 288 ἔπη.

161 307 233 344 Ελ.
261 305 323 345 καὶ
347 304 546 355 τᾶμπαλίν
571 321 615 356 γε
640 303 752 344 τῶνδ’
778 304 945 357 ἀληθείᾳ
971 306 1097 356 σαφῆ.
1421 317 1483 348 3¹0

160 373 230 410 Χο.
257 372 297 412 ἐς
322 368 525 423 ξυμφορὰν
551 372 626 423 γὰρ
650 370 736 410 ἀντὶ
762 370 936 422 τάγαθοῦ
962 369 1078 426 φέρῃ.

161 440 232 477 Ελ.
260 437 393 489 φόβος
418 438 492 489 γὰρ
518 438 558 478 ἐς
582 436 627 476 τὸ
652 439 767 487 δεῖμα
793 436 1024 488 περιβαλών
1048 435 1088 487 μ’
1114 435 1213 488 ἄγει.

160 506 232 544 Χο.
259 507 341 545 πῶς
366 503 399 543 δ’
425 503 625 554 εὐμενείας
650 502 794 544 τοισίδ’
822 504 864 543 ἐν
889 502 1024 554 δόμοις
1049 503 1174 555 ἕχεις,·

159 572 232 610 Ελ.
259 567 403 611 πάντες
427 570 542 621 φίλοι
565 586 632 620 μοι
657 569 764 619 πλὴν
790 570 810 608 ὁ
836 569 1008 621 θηρεύων
1032 568 1193 620 γάμους.

159 638 231 675 Χο.
259 635 362 676 οἷσθ’
387 635 455 676 οῦν
480 635 500 675 ὃ
525 638 693 686 δρᾶσον;
731 634 932 686 μνήματος
956 635 1117 675 λιποῦσ’
1143 636 1319 687 ἕδραν-
1424 648 1483 679 315

160 704 233 741 Ελ.
260 703 301 743 ἐς
326 704 438 742 ποῖον
464 702 594 753 ἕρπεις
619 705 744 752 μῦθον
769 699 792 752 ἢ
818 702 1070 753 παραίνεσιν;

159 771 231 808 Χο.
259 767 418 808 ἐλθοῦσ’
443 769 483 810 ἐς
507 769 650 814 οἴκους,
678 767 701 818 ἢ
727 770 774 808 τὰ
799 767 913 808 πάντ’
939 769 1160 813 ἐπίσταται,

257 836 326 883 τῆς
351 835 513 875 ποντίας
539 837 722 891 Νηρῇδος
750 834 915 886 ἐκγόνου
941 835 1069 886 κόρης,

258 903 381 941 πυθοῦ
405 900 527 940 πόσιν
554 900 629 941 σὸν
657 902 847 951 Θεονόης,
875 900 943 940 εἴτ’
970 900 1052 940 ἔστ’
1078 901 1135 941 ἔτι

259 966 328 1006 εἴτ’
353 966 563 1007 ἐκλέλοιπε
591 966 754 1019 φέγγος·
793 968 1019 1017 ἐκμαθοῦσα
1043 966 1076 1006 δ’
1105 967 1146 1007 εῦ
1422 981 1483 1011 320

259 1032 355 1084 πρὸς
380 1034 449 1074 τὰς
473 1033 596 1085 τύχας
620 1036 664 1072 τὸ
691 1032 824 1086 χάρμα
848 1032 938 1075 τοὺς
963 1033 1079 1084 γόους
1103 1032 1137 1072 τ’
1163 1033 1243 1086 ἔχε.

259 1099 349 1150 πρὶν
376 1098 408 1138 δ’
435 1098 547 1139 οὐδὲν
573 1100 698 1150 ὀρθῶς
724 1098 881 1144 εἰδέναι,
909 1100 949 1139 τί
972 1116 1037 1139 σοι
1061 1098 1185 1140 πλέον

259 1164 486 1221 λυπουμένῃ
513 1164 656 1217 γένοιτ’
681 1164 748 1212 ἄν,·
787 1165 878 1205 ἀλλ’
904 1165 990 1216 ἐμοὶ
1016 1167 1143 1206 πιθοῦ·

258 1231 386 1283 τάφον
410 1235 585 1271 λιποῦσα
607 1232 722 1272 τόνδε
747 1230 962 1282 σύμμειξον
988 1232 1094 1288 κόρῃ·

258 1299 424 1349 ὅθενπερ
449 1298 538 1354 εἴσῃ
563 1297 691 1339 πάντα
715 1298 867 1348 τάληθῆ
894 1297 1068 1350 φράσαι.
1422 1311 1483 1341 325

258 1364 395 1417 ἕχουσ’
421 1365 463 1404 ἐν
487 1366 608 1407 οἴκοις
632 1367 778 1411 τοῖσδε,
806 1366 847 1405 τί
868 1364 1035 1415 βλέπεις
1059 1381 1215 1416 προσω;

261 1430 364 1470 θέλω
389 1433 431 1472 δὲ
457 1431 563 1483 κάγὼ
589 1431 655 1471 σοὶ
682 1434 957 1472 συνεισελθεῖν
976 1432 1117 1482 δόμους

261 1496 323 1536 καὶ
348 1497 624 1547 συμπυθέσθαι
649 1497 844 1549 παρθένου
871 1499 1137 1548 θεσπίσματα·

258 1565 422 1614 γυναῖκα
445 1564 520 1615 γὰρ
545 1563 590 1613 δὴ
618 1567 836 1614 συμπονεῖν
860 1565 1012 1616 γυναικὶ
1037 1563 1127 1616 χρή.

161 1631 233 1668 Ελ.
461 1630 590 1681 φίλαι,
617 1631 764 1682 λόγους
789 1628 994 1680 ἐδεξάμαν·
1424 1643 1486 1673 330

524 1698 626 1746 βᾶτε
651 1699 753 1746 βᾶτε
778 1696 810 1736 δ’
837 1697 876 1738 ἐς
902 1697 1055 1747 δόμους,

459 1762 615 1813 ἀγῶνας
640 1762 752 1804 ἐντὸς
777 1764 895 1803 οἴκων

525 1828 577 1869 ὡς
602 1828 782 1878 πύθησθε
805 1829 895 1870 τοὺς
922 1828 1049 1879 ἐμούς.

159 1896 233 1932 Χο.
459 1893 657 1934 θέλουσαν
681 1894 726 1934 οὐ
750 1895 864 1945 μόλις
891 1898 1034 1935 καλεῖς.
1526 1946 1529 1948 .

162 1961 235 1998 Ελ.
462 1959 506 1998 ἰὼ
531 1959 673 2009 μέλεος
697 1959 835 2012 ἁμέρα.
1422 1972 1482 2004 335

459 2024 532 2065 τίν’
557 2024 631 2076 ἄρα
654 2025 824 2066 τάλαινα
848 2027 937 2066 τίνα
961 2026 1122 2077 δακρυό-

202 2125 267 2155 309
292 2116 369 2157 ἔπη]
396 2119 482 2157 σαφῆ
510 2117 687 2147 Hermann
855 2127 921 2156 310
945 2117 1077 2158 ἀληθείᾳ
1103 2116 1304 2147 Kirchhoff:
1335 2116 1482 2155 ἀληθείας

161 2159 187 2189 L
202 2158 228 2188 P
309 2160 459 2197 ἀληθείας
477 2160 536 2198 ἔπη
556 2160 753 2192 Hermann:
780 2160 901 2198 ἀλήθει’
920 2161 1069 2200 ἀσφαλής
1082 2159 1314 2190 Wilamowitz
1398 2169 1484 2198 310-

159 2212 222 2240 317
247 2203 449 2242 paragraphi
466 2203 608 2241 praefixi
626 2203 659 2232 in
681 2203 716 2240 P,
736 2213 885 2242 313-317
901 2204 933 2233 in
952 2204 978 2233 L
1067 2212 1130 2241 312
1155 2202 1256 2243 φόβος
1272 2202 1318 2232 L:
1344 2202 1440 2242 φόνος
1458 2203 1484 2232 Ρ

159 2246 343 2285 περιλαβών
363 2250 388 2284 p
520 2255 582 2284 313
615 2246 730 2277 τοισίδ’
759 2246 785 2276 L
805 2245 852 2277 P:
883 2249 987 2278 τοῖσιν
1005 2251 1031 2286 p
1056 2248 1103 2285 (et
1129 2245 1276 2285 Cobet)2
1310 2245 1395 2277 τοῖσί
1416 2246 1449 2286 γ’
1474 2245 1486 2275 Ι

160 2290 313 2327 324-326
338 2288 462 2318 delevit
479 2288 612 2327 Goguel
712 2298 774 2327 325
801 2288 935 2330 φράσαι]
953 2291 1063 2327 μαθεῖν
1081 2288 1231 2318 Badham
1329 2297 1394 2326 330
1418 2291 1482 2320 ἐδε-

161 2330 259 2370 ξάμαν
285 2330 324 2360 L2
337 2331 363 2360 P
380 2342 387 2360 t
412 2331 564 2371 {Begdpaeaess
587 2331 612 2361 L
701 2341 764 2370 332
782 2334 874 2363 οἴκων
892 2331 918 2361 L
931 2331 957 2361 P
974 2343 980 2361 :
1005 2331 1108 2370 δόμων
1124 2341 1292 2371 suprascr.
1313 2331 1395 2362 laut
1416 2330 1459 2361 L2
1476 2342 1482 2361 ε

162 2374 225 2403 del.
251 2373 403 2404 Badham
493 2383 567 2413 335,
588 2384 664 2414 340,
687 2376 761 2413 346,
781 2375 844 2414 348
866 2375 1095 2414 paragraphos
1119 2374 1223 2414 praef.
1246 2374 1296 2405 L:
1321 2384 1482 2413 personas

164 2416 216 2445 hic
237 2416 303 2446 illic
323 2417 449 2447 addidit
467 2417 478 2446 l
