1658 2740
722 122 920 159 ΡΗΣΟΣ

254 225 398 267 πανοὺς
424 226 457 265 δ’
481 226 647 278 ἔχοντας
671 225 746 278 χρὴ
771 224 904 276 μένειν
928 227 1176 276 Τυρσηνικῆς

256 291 481 343 σάλπιγγος
504 290 637 341 αὐδήν·
676 291 727 333 ὡς
750 291 993 343 ὑπερβαλὼν
1019 291 1188 342 στρατὸν

254 358 364 410 τείχη
389 357 422 396 τ’
448 357 623 409 Ἀχαιῶν
646 357 787 398 ναυσὶν
811 357 922 397 αἶθον
950 358 1142 407 ἐμβαλεῖν
1417 370 1481 401 990

257 423 424 464 πέποιθα
447 424 586 475 Τρωσί
608 422 641 463 θ’
666 421 816 474 ἡμέραν
841 422 1052 474 ἐλευθέραν

255 490 393 530 ἀκτῖνα
416 489 486 539 τὴν
512 490 753 542 στείχουσαν
778 489 891 540 ἡλίου
918 488 1067 541 φέρειν.

154 558 225 595 Χο.
388 556 524 596 πείθου
545 559 725 607 βασιλεῖ·
764 557 985 609 στείχωμεν
1009 555 1147 596 ὅπλοις

387 621 685 673 κοσμησάμενοι
712 622 775 663 καὶ
800 620 1000 676 ξυμμαχίᾳ

386 687 477 729 τάδε
503 688 725 741 φράζωμεν·
762 688 866 742 τάχα
890 687 922 728 δ’
946 687 994 728 ἂν
1019 688 1130 739 νίκην
1414 701 1477 731 995

454 756 538 805 δοίη
565 756 713 806 δαίμων
737 756 758 794 ὁ
782 754 868 806 μεθ’
891 754 1013 806 ἡμῶν.

198 848 262 885 988
293 847 409 879 πανοὺς
442 847 590 878 Reiske:
627 846 743 879 πόνους
771 847 863 878 codd.
1010 846 1076 885 989
1111 845 1328 884 ὑπερβάλλων
1359 845 1480 875 codd.:

154 899 239 919 corr.
260 889 406 928 Lenting
515 889 672 931 στρατὸν]
691 889 816 931 τάφρον
830 890 958 928 Jacobs
1090 898 1151 928 991
1177 890 1300 928 Τρωσὶν
1318 887 1436 927 ἡμέραν
1455 887 1481 918 Ρ

154 942 219 971 993
243 933 419 972 στείχομεν
438 933 463 963 L
479 933 517 963 P:
542 943 628 963 corr.
647 938 672 973 p
771 943 835 972 994
862 934 911 964 καὶ
931 932 1099 974 συμμαχίᾳ
1117 931 1201 961 LP:
1225 931 1405 971 ξυμμαχίαν
1419 931 1478 971 (V)

154 985 218 1014 995
244 975 333 1006 νίκαν
351 976 446 1006 codd.
565 976 772 1015 subscriptus
790 986 909 1006 versus
928 976 981 1006 ὡδὶ
999 976 1036 1006 τὸ
1053 975 1154 1014 τέρμα
1170 976 1228 1010 τῆς
1244 974 1343 1015 ρήσου
1358 986 1480 1014 τραγω-

155 1018 221 1050 δίας
239 1017 272 1047 in
292 1017 318 1047 L
331 1017 375 1049 P:
400 1018 495 1052 τέλος
511 1029 648 1059 apogr.:
673 1018 769 1052 τέλος
785 1021 843 1050 τοῦ
861 1020 1021 1060 εὗρ’πὶδου
1032 1018 1135 1060 ῥήσου
1152 1016 1264 1046 Haun-
