1658 2740
629 104 977 143 ΕΥΡΙΠΙΔΟΥ

236 211 404 263 ἔδρασεν
428 209 540 251 οὐδὲν
564 211 619 251 ὧν
644 209 846 263 ὑπέσχετ’,
874 209 966 250 ἀλλ’
991 210 1077 263 ἔχει

235 277 429 330 τυραννίδ’
455 276 572 319 αὐτὸς
598 278 661 319 καὶ
688 277 819 328 δόμων
841 277 946 327 ἐμῶν
969 276 1099 329 μέρος.

304 345 367 386 καὶ
391 347 459 386 νῦν
486 344 640 395 ἕτοιμός
667 345 747 395 εἶμι
771 344 968 395 τάμαυτοῦ
991 344 1134 395 λαβὼν

236 409 408 464 στρατὸν
433 412 507 462 μὲν
532 409 607 461 ἔξω
633 410 747 462 τῆσδ’
775 411 1012 451 ἀποστεῖλαι
1036 410 1195 463 χθονός,
1404 416 1466 454 485

235 479 357 519 οἰκεῖν
382 479 424 519 δὲ
448 476 517 518 τὸν
544 476 639 529 ε’μὸν
666 477 774 518 οἶκον
800 478 874 518 ἀνὰ
898 476 1015 529 μέρος
1038 477 1180 528 λαβὼν

237 546 299 586 καὶ
323 544 411 599 τῷδ’
438 545 600 597 ἀφεῖναι
627 545 697 584 τὸν
723 545 813 585 ἴσον
841 544 950 586 αὖθις
976 541 1058 596 (αὖ)
1084 543 1243 597 χρόνον,

238 612 298 652 καὶ
324 610 423 662 μήτε
448 614 610 663 πορθεῖν
640 611 807 663 πατρίδα
833 609 932 662 μήτε
956 609 1202 662 προσφέρειν

236 678 424 730 πύργοισι
448 681 607 728 πηκτῶν
637 677 838 728 κλιμάκων
865 676 1185 729 προσαμβάσεις,

236 745 260 784 ἃ
283 744 336 795 μὴ
361 743 532 796 κυρήσας
556 746 626 794 τῆς
654 745 762 794 δίκης
786 743 1026 796 πειράσομαι
1407 756 1471 787 490

237 814 345 863 δρᾶν.
414 810 611 863 μάρτυρας
638 813 681 851 δὲ
704 813 827 851 τῶνδε
855 810 1041 861 δαίμονας
1067 813 1186 855 καλῶ,

237 878 288 919 ὡς
314 876 443 918 πάντα
467 877 665 929 πράσσων
692 877 766 918 σὺν
794 878 893 934 δίκῃ,
920 878 1028 927 δίκης
1054 876 1146 928 ἄτερ

237 946 532 997 ἀποστεροῦμαι
557 945 746 997 πατρίδος
771 944 1034 985 ἀνοσιώτατα.

304 1011 408 1051 ταῦτ’
434 1010 519 1052 αὔθ’
545 1011 706 1058 ἕκαστα,
734 1013 869 1063 μῆτερ,
899 1010 988 1064 οὐχὶ
1013 1011 1256 1063 περιπλοκὰς

237 1079 372 1131 λόγων
397 1079 586 1131 ἀθροίσας
612 1077 737 1125 εἶπον,
765 1078 872 1118 ἀλλὰ
900 1077 961 1118 καὶ
987 1080 1134 1130 σοφοῖς
1406 1090 1470 1121 495

240 1145 303 1186 καὶ
326 1149 432 1186 τοῖσι
456 1145 626 1198 φαύλοις
651 1143 787 1198 ἔνδιχ’,
815 1144 867 1186 ὡς
893 1144 979 1195 ἐμοὶ
1005 1147 1120 1184 δοκεῖ.

140 1216 215 1253 Χο.
242 1212 327 1263 ἐμοὶ
350 1211 435 1263 μέν,
463 1213 496 1254 εἰ
523 1213 585 1253 καὶ
610 1211 662 1263 μὴ
691 1210 775 1252 καθ’
799 1209 1010 1260 Ἑλλήνων
1037 1210 1165 1263 χθόνα

240 1277 487 1331 τεθράμμεθ’,
513 1277 606 1319 ἀλλ’
633 1278 701 1319 οὖν
726 1276 866 1328 ξυνετά
891 1294 958 1328 μοι
983 1280 1108 1318 δοκεῖς
1134 1276 1282 1330 λέγειν.

142 1348 211 1386 Ετ.
238 1346 271 1386 εἰ
295 1347 395 1386 πᾶσι
418 1344 559 1385 ταύτὸν
585 1343 708 1385 καλὸν
736 1343 812 1396 ἔφυ
839 1344 971 1396 σοφόν
997 1342 1031 1384 θ’
1057 1343 1149 1395 ἅμα,

240 1411 309 1452 οὐκ
334 1410 381 1462 ἦν
405 1411 453 1452 ἂν
477 1412 723 1464 ἀμφίλεκτος
750 1411 973 1463 ἀνθρώποις
998 1410 1089 1462 ἔρις·
1408 1422 1473 1454 500

242 1481 309 1520 νῦν
335 1477 368 1518 δ’
395 1477 475 1519 οὔθ’
501 1478 636 1529 ὅμοιον
663 1477 776 1519 οὐδὲν
802 1476 882 1518 οὔτ’
908 1478 1000 1518 ἴσον
1026 1479 1200 1529 βροτοῖς,

241 1545 347 1596 πλὴν
372 1545 579 1596 ὀνόμασαν
616 1544 662 1585 τὸ
686 1544 718 1585 δ’
747 1545 864 1597 ἔργον
890 1543 958 1584 οὐκ
984 1544 1094 1585 ἔστιν
1119 1544 1221 1584 τόδε.

311 1612 388 1665 ἐγὼ
413 1613 488 1665 γὰρ
511 1611 637 1658 οὐδέν,
663 1613 801 1663 μῆτερ,
829 1610 1065 1664 ἀποκρύψας
1091 1611 1179 1663 ἐρῶ·

243 1679 401 1731 ἄστρων
425 1678 474 1719 ἂν
498 1678 648 1730 ἔλθοιμ’
673 1678 788 1729 ἡλίου
814 1677 911 1731 πρὸς
937 1679 1109 1720 ἀντολὰς

245 1746 307 1786 καὶ
331 1748 404 1799 γῆς
429 1745 600 1798 ἔνερθεν,
628 1745 791 1787 δυνατὸς
822 1744 875 1786 ὢν
902 1748 1044 1799 δρᾶσαι
1068 1744 1174 1791 τάδε,
1411 1755 1475 1787 505

244 1812 315 1864 τὴν
341 1815 441 1853 θεῶν
465 1814 659 1866 μεγίστην
687 1812 783 1852 ὥστ’
811 1815 919 1867 ἔχειν
943 1815 1178 1866 Τυραννίδα.

188 1906 252 1945 483
278 1906 352 1945 ἐμὸν
370 1905 549 1946 Byzantini
569 1912 602 1938 et
627 1908 772 1938 sortasse
791 1912 814 1942 Σ
835 1907 865 1938 V
886 1908 942 1947 qui
965 1908 1104 1938 adnotat
1127 1921 1178 1949 γρ.
1203 1908 1255 1940 καὶ
1273 1906 1409 1946 δόμων’
1394 1911 1477 1947 εμῶν

144 1948 237 1991 μέρος
313 1950 376 1988 487
402 1949 439 1981 αὐ
456 1950 532 1981 add.
554 1950 737 1981 Triclinius
818 1951 882 1990 488
907 1951 1049 1982 alterum
1067 1951 1149 1990 μήτε
1168 1951 1194 1981 L
1207 1951 1254 1982 Ρ·
1277 1952 1358 1991 μητε
1376 1965 1409 1983 τι
1428 1951 1476 1981 M²

145 1993 175 2022 A
189 1992 215 2022 B
227 1993 300 2023 VI:
323 2006 438 2032 μηκετι
458 1993 490 2023 Μ
584 1996 648 2034 489
664 1996 739 2036 πρὸς
759 1994 915 2034 ἀμβάσεις
928 1994 960 2024 A
974 1994 1025 2024 B·
1018 2018 1025 2024 .
1041 1994 1283 2035 προσὰμβάσεις
1301 1994 1355 2026 M:
1379 2007 1476 2036 προσ·

146 2036 258 2073 fimas
275 2036 314 2076 V,
335 2037 395 2066 sed
411 2050 462 2077 γρ.
483 2038 658 2075 ἀναβάσεις
673 2047 843 2077 suprascr.
862 2048 883 2069 v
985 2048 1050 2077 490
1068 2037 1100 2077 ἃ]
1117 2039 1152 2069 οὒ
1171 2037 1219 2068 M‘2
1330 2048 1394 2078 492
1418 2038 1474 2077 ὡς]

146 2081 197 2111 καὶ
217 2079 248 2109 Μ
262 2078 292 2109 V
307 2091 314 2110 :
331 2089 418 2111 corr.
434 2080 483 2110 M?
553 2081 703 2123 πράττων
718 2081 744 2111 Ρ
812 2091 876 2120 494
892 2081 982 2113 ταῦτ’
994 2082 1048 2113 οὖν
1060 2080 1086 2112 θ’
1099 2080 1262 2113 ἕκασταν
1328 2082 1393 2120 496
1409 2081 1477 2122 καὶ]

147 2125 181 2154 ἐν
199 2123 246 2153 L:
272 2133 355 2154 corr.
372 2124 385 2154 l
474 2135 536 2165 497
565 2126 615 2157 καὶ
632 2135 697 2156 om.
720 2125 746 2154 L
826 2135 891 2164 499
915 2126 1014 2156 ταύτὸ
1031 2125 1128 2155 codd.
1213 2135 1278 2164 500
1302 2125 1477 2166 ἀναμφίλε-

147 2179 223 2198 κτος
241 2176 308 2197 uno
326 2167 491 2199 vocabulo
512 2168 544 2198 M
559 2168 589 2198 V
608 2168 839 2208 (ἀναφίλεκτος
856 2168 900 2207 V)
1017 2169 1054 2200 ἂν
1072 2178 1136 2198 om.
1159 2168 1185 2198 P
1290 2177 1351 2207 501
1379 2171 1434 2201 νῦν
1451 2168 1476 2200 θ’

148 2210 254 2248 ὅμοιον
270 2210 301 2240 Α
392 2221 455 2250 502
481 2211 633 2251 ὀνόμασιν
652 2211 778 2242 Porson
868 2221 930 2250 503
957 2211 1037 2253 ἐγὼ]
1056 2211 1128 2243 οὐδὲ
1152 2211 1183 2242 Α
1272 2222 1334 2251 504
1353 2213 1478 2265 ἄστρων

148 2252 308 2292 ἀνέλθοιμ’
330 2253 361 2284 Μ
378 2255 447 2285 BV
588 2255 682 2292 ἡλίου
696 2255 792 2286 codd.
806 2259 876 2288 Σοὶ
888 2255 973 2285 Plut
990 2255 1062 2286 frat.
1076 2265 1139 2286 am.
1157 2265 1188 2294 p.
1204 2255 1327 2293 481A:
1357 2255 1477 2296 αἰθέρος

149 2295 243 2327 Stob.
264 2298 295 2327 ss.
314 2308 365 2335 47.
385 2308 404 2336 3
496 2299 634 2330 ἀντολὰς
653 2298 679 2328 Β
696 2298 743 2328 L:
768 2299 926 2331 ἀνατολὰς
937 2298 1007 2329 rell.
1101 2299 1165 2337 506
1188 2298 1264 2339 τὴν]
1279 2299 1340 2337 την
1351 2298 1475 2330 a-GWV:

149 2343 212 2371 τῶν
230 2339 256 2369 L
347 2341 441 2382 ὥστ’]
468 2340 523 2372 ‹2¹27-
542 2341 586 2381 M,
607 2351 696 2371 corr.
719 2341 766 2371 M*
782 2365 788 2371 .
814 2343 853 2374 ὡς
871 2341 902 2371 Α
