1658 2740
401 114 724 153 ΙψΙΓΕΝΕΙΑ
778 117 812 153 11
866 116 942 154 EN
993 116 1209 154 ΑΎΛΙΔΙ

142 224 214 261 Χο.
375 224 542 270 στῶμεν,
572 222 769 262 Χαλκίδος
796 221 938 273 ἔκγονα
965 221 1177 273 θρέμματα,

376 286 447 336 τὴν
472 288 690 337 βασίλειαν
715 287 902 337 δεξώμεθ’
929 289 1034 340 ὄχων

440 352 515 393 ἄπο
540 353 591 404 μὴ
619 357 834 406 σφαλερῶς
859 354 923 394 ἐπὶ
948 358 1077 406 γαῖαν,
1397 359 1464 391 600

375 420 529 471 ἀγανῶς
555 422 595 461 δὲ
621 424 756 474 χεροῖν
781 426 941 477 μαλακῇ
965 422 1088 477 ῥώμῃ,

373 486 424 536 μὴ
451 485 665 542 ταρβήσῃῒ
692 489 839 527 νεωστί
859 504 924 537 μοι
949 491 1073 538 μολὸν

375 555 529 593 κλεινὸν
554 552 691 593 τέκνον
717 552 1025 605 Ἀγαμέμνονος,

373 621 468 669 μηδὲ
495 619 697 670 θόρυβονΐ·
722 620 811 670 μηδ’
840 620 1028 671 ἔκπληξιν

375 690 459 727 ταῖς
484 685 680 738 Ἀργείαις
1398 691 1463 732 605

441 751 563 802 ξεῖναι
589 750 732 802 ξείναις
759 753 1004 807 παρέχωμεν.

143 825 373 855 ΚᾹΥΤΛῙΜ
387 825 554 854 ΗΣΤΡΛ

241 886 377 935 ὄρνιθα
401 887 473 935 μὲν
498 884 602 925 τόνδ’
631 886 762 926 αἴσιον
790 887 1018 937 ποιούμεθα,

241 950 285 990 τὸ
312 952 386 991 σόν
412 968 453 991 τε
479 951 655 1004 χρηστὸν
684 952 744 992 καὶ
769 953 901 1004 λόγων
928 953 1138 1005 εὐφημίαν·

241 1018 382 1057 ἐλπίδα
407 1017 440 1056 δ’
467 1018 545 1071 ἔχω
571 1017 643 1058 τιν’
671 1018 721 1060 ὡς
747 1019 806 1059 ἐπ’
833 1021 1042 1060 ἐσθλοῖσιν
1067 1019 1206 1071 γάμοις

241 1082 402 1135 πάρειμι
427 1085 707 1136 νυμφαγωγός.
780 1085 871 1125 ἀλλ’
897 1086 1105 1138 ὀχημάτων
1398 1090 1462 1121 610

243 1149 317 1200 ἔξω
343 1150 520 1202 πορεύεθ’
545 1151 590 1191 ἃς
618 1150 726 1202 φέρω
754 1153 902 1204 φερνὰς
928 1152 1035 1208 κόρῃ,

244 1216 304 1256 καὶ
330 1216 491 1267 πέμπετ’
519 1219 558 1258 ἐς
583 1217 781 1270 μέλαθρον
806 1219 1104 1269 εὐλαβούμενοι.

308 1282 357 1323 σὺ
383 1282 428 1330 δ’,
456 1282 484 1323 ὦ
513 1283 652 1324 τέκνον
677 1302 755 1335 μοι,
782 1289 897 1326 λεῖπε
923 1285 1119 1327 πωλικοὺς
1145 1287 1275 1339 ὄχους,

242 1350 369 1401 ἁβρὸν
395 1353 551 1391 τιθεῖσα
579 1355 707 1392 κῶλον
733 1351 900 1393 ἀσθενές
925 1351 959 1392 θ’
985 1351 1077 1402 ἅμα.

242 1417 350 1467 ὑμεῖς
376 1416 430 1462 δέ,
460 1417 646 1464 νεάνιδές,
675 1436 734 1459 νιν
761 1418 953 1470 ἀγκάλαις
979 1417 1042 1458 ’ἐπι
1400 1420 1460 1460 6¹5

242 1481 409 1533 δέξασθε
437 1484 498 1524 καὶ
523 1484 733 1536 πορεύσατ’
760 1484 805 1535 ἐξ
826 1485 1048 1538 ὀχημάτων.

245 1549 357 1599 κάμοὶ
383 1551 500 1603 χερός
526 1568 583 1592 τις
610 1552 754 1591 ἐνδότω
782 1552 1039 1603 στηρίγματα,

244 1615 382 1657 θάκους
409 1616 560 1667 ἀπήνης
588 1617 638 1659 ὡς
663 1616 710 1657 ἂν
738 1619 884 1657 ἐκλίπω
912 1621 1052 1659 καλῶς.

243 1681 282 1722 αἲ
309 1682 340 1721 δ’
367 1685 407 1724 ἐς
431 1683 475 1723 τὸ
503 1685 678 1735 πρόσθεν
705 1686 821 1733 στῆτε
849 1688 1033 1724 πωλικῶν
1060 1683 1195 1734 ζυγῶν’

243 1752 421 1802 φοβερὸν
447 1751 521 1802 γὰρ
551 1749 807 1802 ἀπαράμυθον
833 1751 937 1800 ὄμμα
963 1750 1151 1790 πωλικόν·
1400 1751 1463 1781 620

195 1820 198 1823 ⁴
243 1816 305 1855 καὶ
330 1819 449 1857 παῖδα
475 1817 602 1862 τόνδε,
634 1816 702 1856 τὸν
728 1815 1022 1868 Ἀγαμέμνονος
1048 1816 1177 1868 γόνον,

184 1908 335 1947 598-606
359 1909 422 1940 del.
454 1909 618 1940 Dindorf:
656 1910 719 1940 602
748 1920 796 1949 sq.
828 1909 892 1939 iam
923 1909 1032 1939 Bothe
1177 1912 1231 1938 xo.
1261 1906 1462 1946 praescripsi

141 1959 204 1990 599
227 1952 288 1990 τὴν
306 1952 346 1982 L2
364 1953 413 1993 (in
431 1954 513 1993 ras.)
532 1958 565 1983 et
584 1952 624 1982 Ρ2
639 1964 645 1982 :
671 1953 768 1991 τήνδε
788 1953 813 1982 Ρ
913 1951 1054 1992 δεξόμεθ’
1074 1951 1113 1981 L²
1213 1950 1300 1990 ὄχων
1316 1949 1442 1979 canter
1457 1960 1463 1979 ἶ

142 1995 251 2034 ὄχλων
268 1995 294 2025 L
308 1995 334 2025 P
451 1997 517 2026 600
541 1997 592 2027 ἐπὶ
610 1996 636 2026 L
650 1995 676 2025 P
691 2007 697 2026 :
723 1997 772 2028 ἐπὶ
789 1997 851 2034 τὴν
866 1995 905 2026 L2
921 1995 960 2024 1³2
1074 1996 1135 2024 601
1162 1994 1246 2033 ῥώμῃ
1267 1991 1463 2040 Hermann-z

139 2038 250 2078 ’γνώμῃ
270 2038 296 2068 L
310 2038 336 2068 P
439 2040 591 2069 602—606
614 2041 656 2078 μὴ
673 2039 836 2081 ταρβήσῃ,
849 2038 921 2078 μηδ’
944 2039 1099 2078 ἔκπληξιν
1111 2039 1206 2078 ξεῖναι
1219 2035 1330 2076 ξείναις
1343 2039 1464 2065 ceterls

141 2080 263 2111 deletis
279 2082 409 2112 Verrall
534 2084 599 2112 602
623 2083 661 2113 τὸ
678 2083 793 2113 νεωστὶ
810 2083 910 2121 μολὸν
930 2082 1105 2111 Hermann
1234 2079 1298 2116 603
1323 2077 1464 2108 sortasse

142 2125 270 2155 κλεινὸν
288 2125 396 2164 φίτυμ’
414 2124 622 2165 (Hermann)
641 2124 892 2165 Ἀγαμεμνόνιον
911 2124 1116 2164 Markland)
1273 2123 1335 2159 604
1353 2122 1404 2152 καὶ
1419 2121 1463 2159 μὴ

142 2166 273 2208 θόρυβον
290 2167 465 2198 Hermann
532 2169 595 2198 606
619 2168 731 2208 ξείναις
750 2167 839 2207 L2p:
857 2172 963 2208 §mats
978 2167 1021 2198 P:
1039 2168 1169 2207 ξείναιιτι
1185 2165 1211 2195 L
1278 2165 1338 2202 614
1361 2167 1464 2195 κῶλον

143 2210 296 2250 ἀσφαλῶς
319 2211 423 2251 χαμαί
447 2211 622 2241 Hermann
770 2212 833 2249 615
859 2211 996 2243 νεάνιδές
1015 2224 1062 2242 νιν
1086 2210 1248 2246 Pierson:
1274 2207 1464 2239 νεανίδαισιν

144 2252 206 2282 LP
224 2264 230 2283 ε
255 2255 453 2286 νεανίδεσσιν
476 2254 538 2284 L2:
561 2253 670 2293 possis
691 2252 738 2285 ἐπ’
757 2253 912 2295 ἀγκάλαις
931 2267 988 2292 νιν,
1006 2253 1029 2284 ὦ
1046 2253 1184 2284 νεάνιδες
1326 2251 1387 2288 617
1413 2249 1463 2281 καί

142 2309 194 2334 μοι
213 2296 239 2325 L
253 2296 279 2326 P
405 2298 553 2336 619—637
579 2297 719 2327 lacunae
737 2297 926 2336 explendae
944 2297 1051 2334 gratia
1069 2294 1286 2334 interpolatos
1305 2293 1464 2324 iudicavit

143 2339 344 2371 Kirchhoff:
368 2340 409 2370 cf.
429 2342 492 2371 626
509 2350 582 2371 cum
599 2341 663 2378 696
795 2341 860 2380 619
883 2341 912 2371 οἳ
929 2339 954 2370 δ’
982 2339 1160 2378 Hoepfner

231 2404 309 2426 Eua.
331 2402 388 2426 111:
1337 2395 1377 2424 20
