1658 2740
674 118 1019 157 ΕΥΡΙΠΙΔΟΥ

181 227 251 262 Πε.
279 224 341 263 καὶ
367 227 441 263 ποῦ
469 222 589 269 ’στιν;
631 222 675 262 οὐ
700 224 775 275 γὰρ
802 222 975 275 φανερὸς
1000 225 1175 275 ὄμμασίν
1199 225 1235 276 γ’
1263 227 1380 275 ἐμοῖς.

180 294 243 329 Δι.
280 289 369 340 παρ’
397 290 496 340 ἐμοί·
537 289 588 330 σὺ
615 289 646 329 δ’
674 289 832 341 ἀσεβὴς
858 289 974 332 αὐτὸς
1001 289 1054 331 ὢν
1080 291 1148 331 οὐκ
1175 292 1345 348 εἰσορᾷς.

181 359 252 395 Πε.
279 354 466 405 λάζυσθε·
508 359 753 410 καταφρονεῖ
774 374 822 407 με
847 357 911 398 καὶ
936 355 1082 408 Θήβας
1102 358 1184 416 ᾐὸδε.
1258 392 1281 429 4

179 426 243 462 Δι·
269 422 453 482 effi&
464 423 638 482 ,κῖιὸἐέιι
652 427 888 477 ,σωφρονῶν
913 423 959 473 οὐ
983 424 1212 479 σώφροσινε.

178 492 251 529 Πε.
282 490 359 541 ἐγὼ
385 491 427 530 δὲ
451 493 532 530 δεῖν
559 507 618 542 γε,
648 491 876 543 κυριώτερος
903 490 1033 531 σέθεν.
1442 505 1506 536 505

178 560 242 596 Δι.
276 556 344 596 οὐκ
370 556 473 596 οἶσθ’
500 558 521 596 ὅ
545 573 582 596 τι
611 557 688 614 ζῇς,
717 556 761 596 οὐ
788 556 796 571 ’
823 556 843 596 ὃ
869 557 973 612 δρᾷς,
1001 556 1082 598 οὐδ’
1107 558 1218 599 ὅστις
1244 557 1290 598 εἶ.

178 625 249 663 Πε.
280 623 468 669 Πενθεύς,
496 623 670 676 Ἀγαύης
698 627 801 669 παῖς,
830 623 977 675 πατρὸς
1002 624 1034 663 δ’
1060 624 1255 678 Ἐχίονος.

180 692 242 730 Δι.
279 691 572 742 ἐνδυστυχῆσαι
598 689 759 740 τοῦνομ’
789 689 1008 740 ἐπιτήδειος
1034 691 1080 731 εῗ.

177 759 248 796 Πε.
276 756 410 809 χώρει·
449 755 668 807 καθείρξατ’
695 755 811 796 αὐτὸν
838 758 1014 799 ἱππικαῖς
1038 757 1162 799 πέλας

277 822 507 875 φάτναισιν,
536 823 586 864 ὡς
612 822 660 863 ἂν
689 823 849 863 σκότιον
875 824 1014 878 εἰσορᾷ
1040 823 1201 876 κνέφας.
1444 837 1509 867 510

277 891 360 930 ἐκεῖ
381 889 533 943 χόρευε·
571 888 696 929 τάσδε
723 889 755 929 δ’
782 890 827 930 ἃς
852 889 960 942 ἄγων
988 889 1103 943 πάρει

279 960 406 995 κακῶν
432 955 645 1008 συνεργοὺς
675 952 697 1005 ἦ
727 955 1049 1007 διεμπολήσομεν

276 1019 298 1072 ἢ
324 1027 439 1075 χεῖρα
465 1023 610 1062 δούπου
637 1025 750 1062 τοῦδε
777 1022 838 1062 καὶ
863 1022 1020 1074 βύρσης
1046 1023 1190 1064 κτύπου

277 1089 447 1135 παύσας,
475 1088 540 1141 ἐφ’
568 1090 694 1130 ἱστοῖς
723 1090 894 1139 δμωίδας
920 1089 1172 1140 κεκτήσομαι.
1348 1101 1396 1158 9

178 1160 242 1195 Δι-
279 1154 473 1209 στείχοιμ’
500 1155 560 1196 ἄν·
590 1156 688 1213 Q
701 1155 1315 1215 qufflJ-‚Mffflv—,AEJQMQ
1359 1162 1371 1176 ‘
1445 1169 1506 1200 5¹⁵

277 1224 429 1263 παθεῖν.
501 1222 596 1274 ἀτάρ
623 1239 684 1262 τοι
709 1220 824 1262 τῶνδ’
850 1221 980 1262 ἄποιν’
1004 1221 1264 1275 ὑβρισμάτων

277 1289 431 1339 μέτεισι
457 1289 657 1330 Διόνυσός
684 1288 735 1335 σ’,
763 1287 807 1329 ὃν
837 1288 904 1328 οὐκ
931 1289 1031 1329 εἶναι
1054 1288 1200 1341 λέγεις·
1270 1288 1273 1289 ’

276 1356 376 1405 ἡμᾶς
400 1357 474 1407 γὰρ
500 1357 642 1396 ἀδικῶν
670 1358 800 1396 κεῖνον
827 1356 882 1397 εἰς
908 1356 1079 1407 δεσμοὺς
1105 1355 1227 1407 ἄγεις.

179 1459 249 1495 Xo.
283 1481 347 1484 —
735 1493 740 1496 .
887 1490 892 1496 .
1035 1490 1039 1495 .

615 1521 820 1578 Ἀχελῴου
847 1523 1027 1574 θύγατερ,
1400 1518 1504 1574 [στρ.

547 1588 672 1630 πότνι’
699 1588 914 1641 εὐπάρθενε
941 1589 1079 1641 Δίρκα,
1442 1602 1507 1633 520

547 1656 597 1696 σὺ
623 1657 696 1707 γὰρ
721 1657 763 1695 ἐν
791 1659 882 1697 σαῖς
907 1672 1004 1696 ποτε
1028 1659 1172 1708 παγαῖς

611 1722 655 1762 τὸ
683 1721 779 1764 Διὸς
804 1721 959 1774 βρέφος
985 1723 1144 1773 ἔλαβες,

546 1789 611 1829 ὅτε
635 1793 743 1844 μηρῷ
770 1788 890 1841 πυρὸς
915 1787 962 1838 ἐξ
982 1790 1025 1830 ἇ-

547 1855 716 1896 θανάτου
742 1855 840 1898 Ζεὺς
865 1856 885 1895 ὁ
911 1857 1032 1897 τεκὼν
1057 1856 1124 1908 ἥρ-

545 1922 650 1962 πασέ
675 1939 749 1969 νιν,
776 1922 858 1962 τάδ’
884 1922 1129 1973 ἀναβοάσας·
1439 1936 1501 1966 525

221 2025 283 2053 502
309 2016 405 2046 αὐτὸν
423 2014 574 2053 Elmsley
685 2025 749 2055 503
773 2029 812 2055 με
830 2017 880 2047 καὶ
899 2017 1007 2053 Θήβας
1024 2015 1083 2046 let
1101 2014 1215 2046 Schol.
1236 2015 1296 2046 Ar.
1317 2015 1403 2046 Ran.
1424 2026 1502 2054 103:

176 2072 236 2097 μου
252 2059 301 2090 καὶ
320 2059 419 2096 Θήβης
439 2058 464 2087 L
478 2058 522 2089 P:
550 2058 691 2088 fortasse
710 2062 862 2100 κερτομεΐ
876 2070 937 2099 pro
954 2061 1150 2099 καταφρονεῖ
1275 2060 1339 2098 506
1364 2059 1380 2090 ὅ
1395 2072 1428 2090 τι
1447 2058 1500 2101 ζῇς

179 2102 294 2140 (¹qut’d
306 2102 349 2131 sit
363 2105 421 2131 tna
439 2102 504 2132 vila
517 2102 544 2141 ’)
563 2113 569 2132 ;
592 2103 609 2133 ἲ)
627 2101 757 2144 χρῄζεις
774 2103 1002 2133 VVilamoxvitz
1141 2103 1158 2134 ὃ
1179 2102 1252 2143 δρᾷς
1272 2102 1335 2134 οὐδ’
1355 2101 1501 2132 Reiske:

177 2148 250 2185 ὁρᾶς
267 2145 330 2176 οὔθ’
350 2145 374 2174 L
389 2144 415 2174 P
541 2147 690 2184 510-518
709 2146 850 2184 singulis
868 2146 1024 2177 versibus
1043 2151 1140 2177 notae
1160 2155 1378 2185 personarum
1398 2145 1501 2176 minio

177 2190 255 2219 olim
273 2189 500 2228 praescriptae
515 2193 582 2219 tum
599 2199 714 2220 erasae
729 2190 760 2219 in
776 2189 802 2219 L
819 2200 826 2219 ε
851 2196 899 2221 Δι.
918 2195 1028 2220 notam
1042 2189 1076 2219 in
1087 2200 1151 2220 ras.
1165 2189 1256 2221 scr.l
1338 2198 1401 2229 513
1427 2188 1500 2221 κτύ-

176 2245 252 2264 πους
275 2232 299 2261 Ρ
424 2243 487 2272 514
511 2232 635 2265 παύσας
654 2232 700 2263 P:
727 2233 830 2265 πάσας
849 2233 873 2262 L
1000 2242 1064 2272 515
1089 2235 1176 2264 οὔτοι
1194 2233 1320 2263 Porson
1339 2243 1346 2263 ε
1371 2232 1499 2264 0177·th

176 2277 249 2307 οὔτε
269 2275 292 2305 Ρ
361 2276 427 2306 Aut
437 2282 515 2307 ante
528 2286 593 2316 519
604 2286 722 2307 versus
732 2277 857 2306 excidit
869 2276 904 2313 ὦ
919 2277 1085 2309 καλλίστα
1095 2279 1212 2319 κρανᾶν
1223 2276 1334 2316 suppl.
1352 2274 1498 2316 Barnes)

175 2324 230 2349 aut
248 2329 309 2357 537
324 2320 458 2358 spurius
473 2325 524 2350 est
649 2329 713 2358 523
729 2321 815 2361 μηρὼ
834 2320 859 2350 Ρ
985 2330 1047 2359 524
1065 2320 1206 2361 ἥρπασε]
1223 2320 1344 2361 ἥρμοσε
1363 2319 1499 2358 Kayser

175 2372 238 2401 525
252 2364 434 2400 ἀναβοήσας
448 2362 474 2392 P
541 2362 612 2405 τᾷδ’
624 2364 792 2401 ἀναβώσας
805 2363 935 2403 Nauck,
949 2364 1018 2396 τάδ’
1031 2364 1197 2403 ὰμβοάσας
1211 2363 1361 2402 Dindorf,
1375 2363 1496 2393 frustra
