1658 2740
677 123 1024 163 ΕΥΡΙΠΙΔΟΥ

286 233 443 284 χωρεῖν·
482 231 567 284 ἔχει
591 231 667 282 γὰρ
692 227 881 278 αὐτὸ’τὴν
907 227 1119 280 σωτηρίαν.

289 297 395 349 κάγώ
420 295 454 336 τ’
480 297 651 348 ἀμείνων
677 295 775 348 πρὸς
800 296 923 347 φίλον
947 292 1182 346 γενήσομαι,

289 362 457 415 στρατός
481 361 514 403 τ’
538 361 587 403 ἂν
611 362 656 404 οὐ
679 361 886 415 μέμψαιτό
908 359 962 411 μ’,
990 361 1024 401 εἶ
1048 360 1096 399 τὰ
1121 358 1333 412 πράγματα
1428 370 1511 393 1020

289 428 591 482 λελογισμένως
616 428 837 481 πράσσοιμι
862 430 1018 478 μᾶλλον
1043 422 1066 476 ἢ
1092 425 1239 466 σθένει.

289 491 449 538 Τκαλῶς
473 497 515 536 δὲ
542 494 786 547 κρανθέντων
812 491 906 546 [καὶ]
930 492 1027 546 πρὸς
1050 491 1195 543 ἡδονὴν
1221 492 1357 544 φίλοις

291 563 360 602 σοί
381 561 414 601 τ’
440 561 488 602 ἂν
514 561 671 614 γένοιτο
699 561 769 602 κᾶν
795 563 889 612 ἐμοῦ
913 560 1035 613 χωρὶς
1059 553 1198 599 τάδε.Τ

192 631 264 669 Κλ.
288 628 339 670 ὡς
365 628 541 681 σώφρον’
568 628 691 670 εἶπας.
763 625 955 680 δραστέον
979 626 1013 666 δ’
1040 626 1064 666 ἃ
1090 642 1156 665 σοι
1180 627 1299 664 δοκεῖ.

290 691 337 744 ἦν
363 694 395 733 δ’
421 695 469 735 αῦ
493 711 531 734 τι
554 694 606 745 μὴ
634 694 881 746 πράσσωμεν
905 694 959 733 ὧν
985 693 1063 744 ἐγὼ
1090 691 1206 736 θέλω,
1430 701 1511 731 1025

290 764 365 801 ποῦ
390 760 429 799 σ’
455 761 564 802 αὖθις
589 761 816 813 ὀψόμεσθα,
844 762 938 806 ποῦ,·
976 757 1052 811 χρή
1078 757 1117 809 μ’
1143 758 1286 798 ἀθλίαν

291 828 488 867 ἐλθοῦσαν
513 828 642 879 εὑρεῖν
668 826 745 876 σὴν
770 825 854 879 χέρ’
879 827 1086 877 ἐπίκουρον
1112 827 1257 871 κακῶν;

193 895 268 945 Αχ.
285 893 396 944 ἡμεῖς
421 910 470 934 σε
494 893 670 946 φύλακες
696 893 740 933 οὗ
765 893 894 946 χρεὼν
920 890 1165 944 φυλάξομεν,

289 958 342 1010 μή
368 976 427 1001 τις
453 958 492 999 σ’
518 961 580 1015 ἴδῃ
607 961 852 1013 στείχουσαν
879 957 1124 1009 ἐπτοημένην

292 1029 463 1067 Δαναῶν
489 1025 537 1066 δι’
562 1027 699 1080 ὄχλου·
738 1028 836 1077 μηδὲ
860 1028 1041 1079 πατρῷον
1067 1025 1189 1075 δόμον
1432 1034 1514 1066 1030

292 1092 462 1147 αἴσχυν’·
500 1093 521 1131 ὁ
545 1093 620 1145 γάρ
645 1109 706 1133 τοι
729 1091 961 1144 Τυνδάρεως
986 1091 1054 1132 οὐκ
1077 1089 1185 1142 ἄξιος

293 1163 418 1201 κακῶς
443 1159 612 1200 ἀκούειν·
652 1161 694 1201 ἐν
718 1160 794 1211 γὰρ
812 1157 1018 1209 “Ελλησιν
1041 1157 1177 1210 μέγας.

195 1228 267 1266 Κλ.
290 1226 402 1266 ἔστιν
427 1225 524 1266 τάδ’·
563 1225 675 1279 ἄρχε·
715 1227 785 1266 σοί
804 1242 853 1276 με
879 1225 1079 1266 δουλεύειν
1103 1223 1245 1277 χρεών.

291 1294 324 1333 εἰ
349 1291 381 1332 δ’
408 1293 487 1333 εἶσὶ
513 1293 607 1339 θεοί,
635 1292 782 1334 δίκαιος
808 1291 861 1332 ὣν
886 1291 984 1344 ἀνὴρ
1010 1287 1146 1343 <θεῶν>

292 1360 451 1399 ἐσθλῶν
477 1357 671 1411 κυρήσεις·
708 1360 742 1400 εἰ
767 1361 808 1399 δὲ
832 1357 898 1410 μή,
925 1359 966 1399 τί
987 1360 1048 1399 δεῖ
1070 1360 1223 1404 πονεῖν;
1432 1366 1514 1398 1035

192 1461 263 1498 Xo.
359 1457 431 1499 τίν’
456 1458 515 1510 ἄρ’
539 1457 746 1509 Ὑμέναιος
771 1461 835 1499 διὰ
861 1462 989 1499 λωτοῦ
1014 1458 1164 1508 Λίβυος
1410 1451 1514 1507 [Grp-

492 1523 590 1575 μετά
615 1542 658 1566 τε
685 1526 908 1578 φιλοχόρου
933 1524 1093 1576 κιθάρας

494 1592 696 1643 συρίγγων
722 1591 756 1631 θ’
781 1591 856 1632 ὑπὸ
882 1596 1104 1642 καλαμοεσ-

558 1659 635 1697 σᾶν
661 1657 834 1697 ἔστασεν
860 1656 990 1710 ἰαχάν,

357 1723 413 1763 ὅτ’
439 1724 513 1764 ἀνὰ
538 1722 694 1773 Πήλιον
719 1725 757 1764 αἱ
785 1724 1104 1774 καλλιπλόκαμοι
1430 1732 1515 1765 ¹040

494 1790 595 1830 δαιτὶ
622 1792 721 1830 θεῶν
747 1789 805 1830 ἔνι
831 1791 1011 1842 Πιερίδες

558 1855 912 1909 χρυσεοσάνδαλον
938 1858 1049 1911 ἴχνος

237 1948 318 1978 1018
341 1948 419 1979 αὐτὸ
444 1946 643 1978 Kirchhoff:
667 1950 764 1979 τοῦτο
790 1947 854 1978 LP
1049 1958 1129 1979 1021
1156 1947 1256 1980 σθένω
1280 1956 1445 1987 suprascr.
1474 1946 1514 1977 1‘2

193 2000 274 2021 1022
299 1991 349 2022 καὶ
366 1990 512 2021 deletum
528 1991 561 2021 in
581 1990 607 2020 L
690 1991 834 2021 fortasse
846 1994 952 2023 καλῶς
969 1991 1003 2023 δὲ
1020 1991 1153 2033 κρανθὲν
1163 1993 1221 2024 κᾶν
1236 1993 1311 2030 ἐμοῦ
1326 1992 1423 2033 χωρὶς
1438 1990 1514 2022 τόδε

192 2035 244 2065 σοι’
259 2032 288 2064 τ’
301 2035 339 2066 ἂν
350 2033 478 2074 γένοιτο
489 2035 540 2065 καὶ
555 2034 661 2074 φίλοις
674 2035 750 2075 πρὸς
764 2034 880 2072 ἡδονήν
894 2040 969 2074 post
982 2034 1280 2065 Stadtmuellerum
1374 2044 1456 2072 1024
1473 2036 1512 2066 ὡς

193 2076 232 2107 L2
254 2076 316 2107 1³2:
350 2076 373 2108 ὦ
401 2076 475 2115 LP,
498 2087 564 2116 quo
585 2082 720 2117 recepto
743 2080 830 2110 εἴπας
856 2078 1081 2117 scribendum,
1109 2079 1149 2109 cf.
1178 2077 1317 2108 Philem.
1341 2077 1379 2109 fr.
1404 2087 1445 2116 42
1469 2076 1512 2107 K.

194 2129 274 2158 1025
315 2120 352 2151 αὖ
383 2133 415 2151 τι
445 2121 488 2158 μὴ
520 2119 684 2161 πράξωμεν
716 2119 759 2152 ὧν
793 2120 895 2150 Monk
911 2132 918 2151 :
958 2122 1037 2152 αὐτὰ
1067 2121 1112 2160 μὴ
1142 2120 1335 2163 πράσσωμεν
1369 2119 1407 2152 ἁῖι
1441 2120 1467 2150 L
1486 2119 1513 2149 P

195 2165 276 2193 1026
300 2162 439 2202 ὀψόμεθα
455 2162 610 2201 primitus
628 2163 655 2193 L
735 2166 796 2195 ποῦ
805 2163 832 2203 ;]
846 2175 856 2200 ;
885 2167 939 2195 ποῖ
952 2163 1134 2194 Wecklein
1224 2164 1306 2194 1028
1324 2163 1466 2204 φύλακος
1477 2161 1513 2194 οὗ

191 2206 285 2245 χρέος
304 2205 458 2244 England
527 2206 711 2246 φυλάξομεν
725 2206 902 2237 Markland
921 2218 928 2237 z
945 2207 1156 2247 φυλάσσομεν
1169 2207 1195 2237 L
1207 2206 1234 2236 P
1319 2216 1401 2245 1033
1419 2206 1511 2238 ἔσται

192 2249 369 2278 Markland
427 2259 510 2287 1034
536 2252 613 2281 θεῶν
630 2249 740 2289 suppl.
760 2249 872 2280 Vitelli
891 2261 898 2280 τ
923 2249 964 2281 σύ
978 2263 1018 2289 γε
1035 2250 1063 2279 Ι;
1089 2260 1153 2282 om.
1173 2250 1199 2280 L
1215 2249 1241 2279 P
1298 2251 1380 2289 1036
1397 2249 1446 2282 τίς
1463 2250 1510 2290 ἄρ’

192 2292 333 2330 ὑμέναιος
352 2292 407 2322 LP
425 2303 433 2323 z
457 2293 609 2322 correxi:
634 2292 696 2324 τίν’
714 2292 761 2334 ἄρ’
779 2293 931 2330 ὑμεναίων
944 2293 1123 2324 Wecklein
1224 2293 1307 2331 1038
1330 2292 1510 2331 καλαμόεσ-

192 2347 251 2366 σαν
269 2335 294 2364 L
308 2334 334 2364 P
481 2346 563 2374 1039
588 2336 734 2367 ἔστασαν
751 2335 777 2365 L
790 2335 816 2365 P
831 2336 991 2374 (ἔστησαν
1009 2346 1178 2375 suprascr.
1195 2336 1258 2375 L):
1286 2345 1372 2366 corr.
1390 2334 1511 2365 Portus

194 2387 276 2416 1040
300 2377 348 2409 ὅτ’
369 2379 426 2409 ἀνὰ
446 2377 484 2407 L²
498 2378 538 2408 Ρ2
553 2389 559 2408 :
584 2379 661 2409 ὅταν
678 2380 736 2410 ἀνὰ
754 2378 780 2408 Ρ
797 2384 829 2409 et
846 2379 920 2409 sine
937 2379 1038 2409 dubio
1058 2379 1083 2408 L
1220 2389 1298 2417 1041
1323 2378 1459 2420 πιερίδες
1477 2379 1511 2409 ἐν

191 2423 271 2452 δαιτὶ
291 2424 368 2452 Θεῶν
387 2421 412 2451 L
426 2420 474 2451 P:
498 2421 611 2450 traieci
628 2432 635 2450 τ
659 2422 698 2451 cf.
723 2422 804 2459 1063
