1658 2740
685 132 1030 170 ΕΎΡΙΠΙΔΟΎ

293 238 483 287 σκιρτῶσι
510 235 680 287 Βρόμιον
707 236 1024 286 ἀνακαλούμεναι
1049 237 1152 277 θεόν·

292 301 492 352 αὐτόματα
516 301 548 341 δ’
574 301 707 344 αὐταῖς
736 305 866 353 δεσμὰ
892 303 1051 353 διελύθη
1078 306 1208 344 ποδῶν

293 367 433 425 κλῇδές
457 368 491 408 τ’
517 369 663 419 ἀνῆκαν
692 369 842 422 θύρετρ’
869 368 961 410 ἄνευ
988 371 1132 420 θνητῆς
1156 372 1286 424 χερός.

291 439 455 476 πολλῶν
481 435 512 475 δ’
537 435 594 476 ὅδ’
621 436 720 488 ἀνὴρ
747 435 955 488 θαυμάτων
980 435 1066 487 ἥκει
1090 436 1222 480 πλέως

293 503 332 543 ἐς
356 501 479 542 τάσδε
505 501 663 553 Θήβας.
740 503 804 543 σοὶ
832 505 873 544 δὲ
898 503 1029 543 τᾶλλα
1053 503 1128 557 χρὴ
1153 503 1303 555 μέλειν.
1449 519 1516 550 450

191 571 263 608 Πε.
289 568 461 619 μέθεσθε
485 573 629 622 χειρῶν
656 569 772 610 τοῦδ’·
813 571 854 610 ἐν
880 570 1044 622 ἄρκυσιν
1068 572 1144 622 γὰρ
1170 569 1224 611 ὢν

289 634 357 675 οὐκ
383 635 494 675 ἔστιν
519 637 639 678 οὕτως
669 636 767 678 ὠκὺς
794 637 898 677 ὥστε
922 636 962 687 μ’
989 639 1188 689 ἐκφυγεῖν.

352 703 451 754 ἀτὰρ
475 702 520 742 τὸ
544 705 616 753 μὲν
646 702 743 753 σῶμ’
772 703 838 743 οὐκ
866 702 1045 755 ἄμορφος
1071 704 1115 749 εἶ,
1143 703 1244 754 ξένε,

290 769 340 811 ὡς
366 770 405 810 ἐς
430 773 628 821 γυναῖκας,
661 768 726 821 ἐφ’
753 770 850 821 ὅπερ
876 771 916 811 ἐς
943 769 1088 821 Θήβας
1113 770 1241 823 πάρει·

289 836 492 886 πλόκαμός
517 852 559 876 τε
584 835 658 888 γάρ
690 853 763 876 σου
787 837 942 883 ταναός,
971 836 1016 876 οὐ
1040 835 1170 887 πάλης
1192 838 1281 883 ὕπο,
1451 849 1514 881 455

288 902 404 954 γένυν
430 902 519 954 παρ’
544 902 664 952 αὐτὴν
694 902 919 956 κεχυμένος,
947 904 1070 944 πόθου
1095 903 1239 945 πλέως·

287 969 431 1019 λευκὴν
456 971 497 1010 δὲ
524 971 665 1022 χροιὰν
693 970 735 1010 ἐκ
761 972 1010 1022 παρασκευῆς
1031 970 1148 1024 ἔχεις,

288 1036 362 1089 οὐχ
386 1036 500 1087 ἡλίου
524 1039 732 1087 βολαῖσιν,
763 1036 855 1076 ἀλλ’
881 1037 956 1077 ὑπὸ
982 1028 1109 1083 σκιᾶς,

289 1102 361 1153 τὴν
385 1102 626 1155 Ἀφροδίτην
653 1108 832 1160 καλλονῇ
858 1103 1092 1156 θηρώμενος.

288 1173 442 1221 πρῶτον
465 1172 538 1220 μὲν
564 1169 632 1211 οὖν
656 1186 723 1220 μοι
749 1168 869 1220 λέξον
895 1171 1006 1212 ὅστις
1032 1169 1069 1211 εῗ
1089 1169 1217 1223 γένος.
1452 1172 1517 1215 460

190 1240 253 1276 Δι.
285 1235 330 1276 οὐ
356 1237 502 1287 κόμπος
528 1236 665 1278 οὐδείς·
705 1234 840 1291 ῥᾴδιον
866 1236 898 1277 δ’
924 1238 1049 1278 εἰπεῖν
1073 1237 1175 1278 τόδε.

286 1302 355 1344 τὸν
381 1303 582 1354 ἀνθεμώδη
614 1306 788 1354 Τμῶλον
814 1302 932 1344 οἶσθά
958 1320 1032 1344 που
1058 1304 1199 1345 κλύων.

187 1372 260 1411 Πε.
288 1369 372 1415 οἷδ’,
399 1369 441 1412 ὃς
466 1369 510 1410 τὸ
536 1369 719 1421 Σάρδεων
747 1369 846 1410 ἄστυ
872 1370 1112 1422 περιβάλλει
1139 1370 1279 1425 κύκλῳ.

187 1441 252 1477 Δι.
287 1436 467 1477 ἐντεῦθέν
493 1437 583 1487 εἶμι,
612 1437 737 1478 Λυδία
762 1436 806 1477 δέ
828 1453 895 1488 μοι
920 1438 1071 1489 πατρίς.

187 1507 261 1544 Πε.
287 1504 409 1545 πόθεν
435 1506 476 1545 δὲ
500 1505 662 1546 τελετὰς
690 1503 803 1544 τάσδ’
829 1503 937 1556 ἄγεις
963 1506 1002 1546 ἐς
1026 1503 1226 1552 Ἑλλάδα;
1451 1508 1513 1547 465

187 1575 252 1612 Δι.
288 1571 485 1613 Διόνυσος
510 1571 611 1621 ἡμᾶς
640 1569 840 1621 εἶσέβησ’,
868 1571 888 1609 ὁ
913 1574 981 1610 τοῦ
1008 1571 1115 1612 Διός.

188 1640 260 1678 Πε.
289 1638 387 1679 Ζεὺς
412 1636 443 1678 δ’
470 1636 554 1678 ἔστ’
582 1638 665 1678 ἐκεῖ
688 1653 760 1683 τις,
789 1636 832 1679 ὃς
858 1636 968 1679 νέους
992 1638 1113 1678 τίκτει
1140 1638 1271 1683 θεούς,·

187 1709 252 1746 Δι.
290 1705 370 1751 οὔκ,
399 1704 489 1744 ἀλλ’
516 1704 536 1743 ὁ
561 1703 742 1755 Σεμέλην
770 1703 909 1744 ἐνθάδε
936 1702 1070 1754 ζεύξας
1094 1703 1246 1756 γάμοις.

187 1775 258 1812 Πε.
289 1772 435 1823 πότερα
460 1773 501 1812 δὲ
525 1772 674 1823 νύκτωρ
702 1770 740 1809 σ’
767 1766 791 1820 ἢ
819 1770 901 1811 κατ’
928 1770 1019 1821 ὄμμ’
1043 1769 1289 1823 ἠνάγκασεν;

187 1843 251 1878 Δι.
287 1840 386 1891 ὁρῶν
413 1839 576 1890 ὁρῶντα,
605 1837 669 1877 καὶ
695 1838 858 1878 δίδωσιν
883 1838 1009 1890 ὄργια.
1450 1850 1516 1882 470

187 1909 259 1946 Πε.
285 1907 333 1946 τὰ
358 1905 391 1945 δ’
417 1904 515 1957 ὄργι’
541 1904 629 1945 ἐστὶ
654 1904 726 1944 τίν’
744 1903 861 1961 *ἰδέαν
886 1903 1031 1958 ἔχοντά
1055 1921 1139 1951 σοι;

188 1976 251 2013 Δι.
291 1971 423 2024 ἄρρητ’
449 1972 767 2026 ἀβακχεύτοισιν
793 1970 938 2012 εἰδέναι
963 1974 1135 2024 βροτῶν.

228 2066 290 2104 448
315 2065 420 2103 κληῗδ’
440 2065 509 2098 ἐστ’
526 2066 553 2096 L
718 2076 782 2106 449
808 2065 886 2107 ἀνὴρ
905 2064 931 2095 L
945 2063 972 2094 P
1128 2074 1190 2104 451
1215 2062 1350 2104 μέθεσθε
1365 2063 1514 2102 Burges:

183 2111 335 2148 μαίνεσθε
352 2109 379 2139 L
392 2109 437 2141 P:
456 2115 620 2150 punctum
639 2115 714 2150 post
731 2110 883 2150 μαίνεσθε
900 2108 1042 2139 fortasse
1059 2108 1160 2138 voluit
1180 2108 1214 2144 L,
1232 2117 1298 2137 non
1317 2112 1391 2146 post
1404 2105 1492 2138 τοῦδ’
1507 2118 1514 2138 :

183 2167 234 2194 γρ.
263 2152 401 2193 λάζυσθε
430 2164 595 2194 suprascr.
621 2160 646 2195 p
808 2151 912 2192 τοῦδ’]
941 2161 1107 2190 suprascr.
1138 2153 1212 2190 ἐμοῦ
1239 2150 1291 2189 L2,
1321 2155 1354 2181 ut
1382 2150 1516 2181 videtur

183 2207 246 2236 457
271 2199 399 2236 Assssnkv
416 2198 463 2231 P:
489 2209 574 2230 corr.
590 2204 615 2239 p
748 2200 784 2230 ἐκ
800 2197 1004 2238 παρασκευῆς
1024 2195 1199 2225 Hermann
1217 2207 1223 2225 :
1248 2197 1292 2227 εἰς
1309 2195 1515 2235 παρασκευὴν

185 2241 210 2270 L
226 2241 252 2271 P
339 2243 403 2281 466
421 2242 566 2282 εἶσέβησ’
585 2242 758 2273 Abresch:
784 2238 938 2278 εὐσέβησ’
957 2239 983 2269 L
995 2238 1022 2268 P
1111 2239 1175 2278 468
1191 2240 1257 2277 οὔκ,
1278 2238 1354 2270 ἀλλ’
1371 2239 1388 2270 ὃ
1407 2238 1455 2278 (ὃς
1473 2237 1514 2273 Ρ)

184 2286 324 2325 σεμέλης
351 2287 453 2319 ἐνθάδ’
481 2286 604 2328 ἔζευξεν
628 2286 741 2327 γάμοις
766 2284 854 2315 LP:
879 2293 966 2313 corr.
989 2282 1194 2322 Stephanus.
1216 2282 1408 2321 Musgrave:
1435 2282 1510 2313 ἀλλ’

183 2331 198 2359 ὁ
213 2330 356 2369 Σεμέλης
369 2330 478 2362 ἐνθάδε
494 2330 635 2371 ζευχθεὶς
648 2330 763 2370 ’γάμοις
775 2326 958 2358 Kirchhoff
1060 2328 1124 2365 469
1142 2325 1173 2358 σ’
1194 2325 1238 2356 P:
1254 2335 1318 2356 om.
1341 2325 1365 2355 L
1442 2326 1513 2355 κατ’

183 2371 265 2413 ἦμαρ
282 2374 416 2413 “thano-ev
437 2373 584 2412 Elmsley
689 2372 762 2411 ὔμμ’
784 2372 831 2402 L:
856 2368 972 2411 ὄμματ’
991 2369 1018 2400 Ρ
