1658 2740
646 127 991 165 ΕΥΡΙΠΙΔΟΥ

147 234 217 280 Κρ.
247 232 286 271 τί
312 230 364 277 ὃ’,·
402 231 448 271 οὐ
472 231 630 273 δικαίως
657 233 722 272 ὅδε
750 231 862 271 κυσὶν
888 229 1119 281 ὃοθήσεται;
1398 236 1481 277 1650

150 301 217 337 Αν.
248 298 316 337 οὐκ
345 296 510 348 ἔννομον
533 299 609 350 γὰρ
635 297 706 348 τὴν
732 299 844 348 δίκην
869 296 1107 350 πράσσεσθέ
1131 315 1206 338 νιν.

150 367 219 415 Κρ.
250 365 357 415 εἴπερ
384 381 430 416 γε
456 365 611 407 πόλεως
641 365 781 418 ἐχθρὸς
806 364 854 416 ἦν
880 364 948 405 οὐκ
973 363 1115 417 ἐχθρὸς
1141 365 1208 405 ὤν.

149 434 218 471 Αν.
247 430 389 471 οὐκοῦν
417 431 537 472 ἔδωκε
560 437 608 489 τῇ
634 432 735 488 τύχῃ
761 431 830 472 τὸν
855 431 1036 482 δαίμονα.

148 500 218 549 Κρ.
249 498 311 538 καὶ
335 501 388 552 τῷ
415 497 531 552 τάφῳ
555 515 623 539 νυν
649 498 722 548 τὴν
747 499 858 549 δίκην
883 497 1139 551 παρασχέτω.

150 568 219 604 Αν.
248 567 286 604 τί
311 563 617 614 πλημμελήσας,
647 565 692 606 τὸ
717 565 835 617 μέρος
862 566 895 606 εἰ
919 567 1094 616 μετῆλθε
1117 566 1211 617 γῆς,·
1400 569 1482 610 1655

151 634 220 681 Κρ.
249 630 401 683 ἄταφος
426 630 483 670 ὅδ’
511 633 620 681 ἁνήρ,
652 631 702 674 ὡς
727 631 878 688 μάθῃς,“
893 629 1119 684 γενήσεται.

151 701 219 738 Αν.
249 697 326 748 ἐγώ
353 702 435 749 σφε
462 696 592 749 θάψω,
624 697 695 738 κᾶν
721 697 922 754 ἀπεννέπῃ
947 698 1076 739 πόλις.

150 766 219 814 Κρ.
249 763 402 813 σαυτὴν
427 763 486 815 ἄρ’
513 763 630 816 ἐγγὺς
659 766 758 819 τῷδε
782 763 1003 817 συνθάψεις
1029 768 1165 819 νεκρῷ.

153 834 220 870 Αν.
250 829 342 870 ἀλλ’
370 828 528 872 εὐκλεές
553 847 614 871 τοι
643 831 711 871 δύο
737 831 845 883 φίλω
872 833 1028 871 κεῖσθαι
1051 829 1190 873 πέλας.

151 900 220 947 Κρ.
315 895 490 946 λάζυσθε
515 895 631 947 τήνδε
661 898 730 940 κάς
755 898 895 948 δόμους
922 897 1107 949 κομίζετε.
1407 902 1488 935 1660

153 968 221 1004 Av.
249 964 294 1004 οὐ
318 964 414 1014 δῆτ’,
443 964 527 1005 ἐπεὶ
551 964 655 1005 τοῦδ’
684 964 729 1004 οὐ
751 963 977 1016 μεθήσομαι
1002 967 1151 1016 νεκροῦ.

154 1034 222 1082 Κρ.
253 1030 371 1084 ἔκριν’
398 1032 418 1070 ὁ
443 1032 604 1082 δαίμων,
632 1030 809 1083 παρθέν’,
839 1031 912 1085 οὐχ
937 1032 962 1071 ἒι
988 1031 1055 1072 σοὶ
1080 1033 1197 1072 δοκεῖ.

154 1102 222 1138 Αν.
253 1099 408 1139 κάκεῖνο
437 1097 621 1150 κέκριται,
648 1098 704 1149 μὴ
733 1098 1019 1150 ἐφυβρίζεσθαι
1044 1098 1214 1150 νεκρούς.

154 1167 222 1215 Κρ.
253 1165 304 1207 ὡς
328 1165 433 1207 οὔτις
460 1165 564 1217 ἀμφὶ
588 1164 676 1219 τῷδ’
705 1166 830 1217 ὑγρὰν
857 1164 973 1215 θήσει
999 1166 1119 1205 κόνιν.

155 1235 223 1271 Αν.
254 1231 316 1272 ναὶ
342 1233 439 1284 πρός
465 1249 512 1272 σε
536 1234 659 1282 τῆσδε
687 1231 832 1283 μητρὸς
856 1231 1075 1281 Ἰοκάστης,
1106 1231 1244 1283 Κρέον.
1407 1234 1487 1274 1665

155 1301 225 1350 Κρ.
250 1298 398 1349 μάταια
421 1301 598 1352 μοχθεῖς·
636 1298 681 1339 οὐ
704 1299 780 1351 γὰρ
806 1298 856 1339 ἂν
880 1299 1015 1353 τύχοις
1038 1298 1143 1339 τάδε.

156 1369 224 1406 Αν.
255 1365 306 1405 σὺ
331 1365 364 1406 δ’
391 1367 498 1406 ἀλλὰ
522 1369 643 1420 νεκρῷ
670 1367 819 1416 λουτρὰ
849 1369 1083 1417 περιβαλεῖν
1106 1364 1146 1416 μ’
1173 1364 1230 1405 ἔα.

157 1435 226 1484 Κρ.
258 1432 299 1473 ἓν
324 1432 426 1473 τοῦτ’
452 1432 501 1473 ἂν
528 1433 586 1483 εἴη
614 1436 690 1473 τῶν
716 1431 950 1484 ἀπορρήτων
974 1432 1102 1472 πόλει.

158 1503 225 1539 Av.
255 1498 346 1539 ἀλλ’
371 1500 473 1551 ἀμφὶ
498 1498 684 1550 τραύματ’
713 1499 829 1551 ἄγρια
853 1502 1082 1549 τελαμῶνας
1107 1501 1264 1549 βαλεῖν.

158 1569 226 1616 Κρ.
257 1565 325 1605 οὐκ
351 1565 436 1606 ἔσθ’
462 1567 567 1607 ὅπως
593 1566 644 1606 σὺ
670 1566 784 1607 τόνδε
809 1564 988 1617 τιμήσεις
1015 1564 1142 1607 νέκυν.
1408 1570 1492 1609 1670

158 1635 226 1672 Av.
255 1631 284 1672 ὦ
310 1632 484 1684 φίλτατ’,
512 1633 619 1673 ἀλλὰ
645 1632 775 1683 στόμα
798 1648 845 1684 γε
872 1631 947 1673 σὸν
974 1631 1287 1684 προσπτύξομαι.

159 1701 228 1750 Κρ.
257 1699 302 1739 οὐ
325 1699 378 1749 μὴ
405 1701 444 1740 ἐς
469 1698 618 1751 γάμους
645 1698 740 1740 σοὺς
765 1701 978 1752 συμφορὰν
1004 1698 1131 1755 κτήσῃ
1157 1699 1278 1751 γόοις.

160 1770 228 1807 Αν.
258 1765 280 1816 ἧ
305 1768 379 1818 γὰρ
405 1770 602 1818 γαμοῦμαι
632 1766 739 1816 ζῶσα
762 1766 871 1807 παιδὶ
899 1770 956 1821 σῷ
983 1782 1097 1813 ποτε;

160 1835 228 1884 Κρ.
258 1831 390 1882 πολλή
417 1832 456 1872 (τ’
483 1832 648 1885 ἀνάγκη·
690 1836 761 1874 ποῖ
783 1835 859 1885 γὰρ
886 1831 1057 1889 ἐκφεύξῃ
1082 1832 1223 1887 λέχος;

162 1903 229 1939 Au.
258 1899 331 1950 νὺξ
352 1899 413 1950 ἆρ’
440 1901 567 1950 ἐκείνη
601 1899 810 1940 Δαναίδων
835 1899 875 1951 μ’
903 1898 982 1950 ἕξει
1005 1900 1110 1951 μίαν.
1410 1902 1490 1941 1675

161 1969 229 2017 Κρ.
261 1967 360 2008 εἶδες
384 1966 429 2006 τὸ
454 1966 622 2018 τόλμημ’
648 1967 731 2007 οἷον
759 1965 1026 2016 ἐξωνείδισεν;

208 2063 291 2100 1650
315 2061 383 2102 ὅδε]
403 2062 419 2093 ὅ
434 2075 474 2102 γε
495 2061 522 2091 Β
689 2062 772 2101 1653
795 2061 844 2092 sic
862 2061 958 2092 codd.
978 2067 1011 2091 et
1028 2065 1052 2094 Σ
1217 2062 1298 2099 1654
1323 2062 1377 2092 νῦν
1395 2060 1490 2091 codd.

165 2106 247 2143 1656
273 2105 349 2145 ἀνὴρ
368 2106 461 2136 codd.
558 2104 719 2144 μανθάνης
736 2105 766 2134 Α
870 2106 953 2144 1659
976 2104 1042 2139 ›roc'l
1061 2118 1092 2136 τι
1113 2104 1137 2134 L
1152 2103 1178 2134 P
1280 2105 1365 2135 1660
1388 2103 1493 2144 λάζοι-

162 2152 216 2179 σθε
231 2148 262 2178 M
276 2148 321 2178 Α2
334 2149 363 2178 V
462 2147 536 2189 κάς]
554 2149 604 2180 κεῖ
618 2148 650 2178 M
666 2160 673 2179 :
691 2150 755 2180 κείς
768 2148 838 2179 rell.
934 2150 1016 2178 1662
1033 2146 1066 2189 ἃ]
1082 2149 1122 2180 ὡς
1135 2148 1161 2177 L
1265 2148 1347 2186 1663
1365 2148 1493 2179 κάκεῖνο

161 2191 180 2229 Ι,
200 2205 215 2222 ο
235 2192 268 2222 in
286 2202 402 2222 rasura
529 2193 610 2229 1667
638 2194 758 2232 λουτρὰ
776 2195 874 2232 νεκρῶ
891 2191 963 2221 AV
1090 2192 1172 2221 1668
1198 2191 1230 2223 ἓν
1246 2193 1285 2223 ἂν
1301 2192 1390 2223 τοῦτ’
1408 2193 1446 2223 ἂν
1462 2190 1492 2220 Α

165 2236 243 2274 1671
272 2235 378 2274 στόμα
395 2234 451 2276 γε]
472 2235 578 2274 στόμα
595 2235 647 2265 V:
673 2238 763 2275 σῶμα
782 2236 853 2265 cod.
873 2234 1024 2265 Thessal.
1206 2235 1279 2276 σὺν]
1300 2237 1347 2276 σῷ
1363 2234 1493 2264 Verrall

166 2279 247 2317 1672
273 2281 308 2310 οὗ
328 2280 370 2317 μὴ
392 2279 596 2309 Kirchhoss‘:
621 2281 676 2310 οὐκ
695 2279 792 2309 codd.
814 2284 847 2309 et
861 2283 908 2312 2:
934 2280 974 2311 σὺ
991 2280 1017 2311 δ’
1030 2278 1209 2309 Wecklein
1372 2278 1452 2319 ’γόου
1468 2277 1494 2308 Ρ

166 2323 247 2360 1673
273 2327 318 2363 σῷ
337 2325 422 2354 παιδὶ
443 2322 469 2353 Ρ
628 2324 707 2360 1674
733 2325 788 2354 ποῖ
802 2322 899 2363 φεύξῃ
912 2325 974 2363 ’γὰρ
991 2325 1007 2354 ὁ
1024 2322 1125 2363 λέχος
1143 2322 1175 2353 Η
1339 2324 1419 2361 1675
1445 2320 1493 2361 ἆρ’

164 2365 189 2395 L
207 2376 213 2395 :
238 2365 284 2407 ἄρ’
302 2366 355 2396 vel
376 2367 411 2406 ἂρ
431 2366 501 2396 rell.
603 2365 635 2405 μ’
654 2376 715 2396 om.
738 2366 767 2396 A
858 2367 912 2404 μία
933 2366 963 2396 Μ
980 2366 1008 2396 V
1025 2377 1030 2396 :
1055 2376 1140 2397 corr.
1162 2377 1179 2397 v
