1658 2740
646 119 869 156 ΒΑΚΧΑΙ

196 220 264 261 τὸν
289 220 440 271 δαίμον’
465 221 734 273 ἀνθρώποισιν
760 221 946 274 ἐσφέρων
971 221 1061 262 νέον

197 291 361 328 σκοπεῖν
387 288 608 340 πτερωτοὺς
634 288 845 339 κάμπύρων
868 287 1035 339 μισθοὺς
1060 287 1209 341 φέρειν.

196 355 229 394 εἰ
253 352 304 404 μή
330 372 377 395 σε
403 358 526 407 γῆρας
551 355 693 395 πολιὸν
720 352 937 406 ἐξερρύετο,

197 420 338 471 καθῆσ’
364 421 411 461 ἂν
438 423 480 462 ἐν
503 421 706 476 βάκχαισι
731 420 892 472 δέσμιος
917 420 1073 472 μέσαις,

195 489 356 529 τελετὰς
382 490 555 539 πονηρὰς
583 488 770 541 εἰσάγων·
807 487 960 540 γυναιξι
986 490 1061 540 γὰρ
1363 493 1423 523 260

195 554 292 593 ὅπου
315 555 484 606 βότρυος
511 556 554 595 ἐν
579 555 681 595 δαιτὶ
707 555 885 607 γίγνεται
910 554 1043 607 γάνος,

195 620 269 674 οὐχ
291 622 399 673 ὑγιὲς
423 621 536 662 οὐδὲν
563 622 621 663 ἔτι
644 620 752 674 λέγω
778 625 855 662 τῶν
879 622 1036 674 ὀργίων.

96 689 167 727 xo.
195 689 263 737 τῆς
288 689 542 739 δυσσεβείας.
616 686 645 728 ὦ
696 687 764 734 ἐν’,
793 688 861 728 οὐκ
887 689 976 745 αἰδῇ
1002 687 1113 730 θεοὺς

198 753 355 804 Κάδμον
380 771 422 795 τε
445 754 515 796 τὸν
542 756 763 807 σπείραντα
788 757 935 808 γηγενῆ
961 754 1126 808 στάχυν,

196 818 379 874 Ἐχίονος
404 821 438 861 δ’
464 820 518 862 ὢν
545 825 637 864 παῖς
664 822 944 875 καταισχύνεις
968 821 1102 874 γένος;
1363 827 1423 866 265

94 888 162 926 Τε.
190 887 285 927 ὅταν
308 887 418 944 λάβῃ
443 905 502 930 τις
528 892 608 929 τῶν
633 889 768 941 λόγων
794 888 892 940 ἀνὴρ
917 893 1047 941 σοφὸς

197 955 320 995 καλὰς
345 953 541 1007 ἀφορμάς,
570 955 614 995 οὐ
641 955 730 1007 μέγ’
757 956 874 1008 ἔργον
899 955 940 996 εὖ
964 955 1111 1007 λέγειν·

196 1019 246 1060 σὺ
271 1019 304 1060 δ’
330 1021 519 1075 εὔτροχον
544 1024 616 1072 μὲν
644 1026 839 1073 γλῶσσαν
866 1022 917 1064 ὡς
943 1025 1102 1074 φρονῶν
1126 1022 1245 1075 ἔχεις,

195 1087 238 1127 ἐν
263 1090 346 1129 τοῖς
369 1087 531 1140 λόγοισι
557 1088 590 1128 δ’
618 1089 687 1129 οὐκ
713 1089 842 1129 ἔνεισί
863 1105 929 1129 σοι
954 1087 1109 1141 φρένες.

195 1152 334 1205 θράσει
359 1156 400 1194 δὲ
425 1155 586 1196 δυνατὸς
616 1154 678 1195 καὶ
701 1153 837 1207 λέγειν
862 1155 943 1196 οἷός
967 1154 1001 1195 τ’
1026 1154 1123 1207 ἀνὴρ
1364 1167 1424 1198 270

196 1219 311 1262 κακὸς
335 1211 500 1271 πολίτης
527 1223 706 1274 γίγνεται
731 1224 824 1262 νοῦν
849 1221 917 1261 οὐκ
942 1222 1059 1274 ἔχων.

264 1287 375 1329 οὗτος
400 1287 433 1327 δ’
459 1289 479 1327 ὁ
506 1289 654 1339 δαίμων
681 1289 701 1328 ὁ
726 1288 826 1334 νέος,
853 1287 898 1329 ὃν
924 1288 975 1328 σὺ
999 1291 1198 1343 διαγελᾷς,

195 1354 263 1393 οὐκ.
288 1353 336 1393 ἂν
361 1355 551 1405 δυναίμην
577 1354 744 1408 μέγεθος
771 1353 940 1405 ἐξειπεῖν
964 1355 1059 1397 ὅσος
1158 1401 1161 1403 Α
1252 1410 1255 1412 -
1306 1407 1311 1409 .

196 1419 281 1460 καθ’
306 1419 471 1461 Ἑλλάδ’
497 1422 622 1463 ἔσται.
700 1422 767 1462 δύο
791 1421 880 1474 γάρ,
906 1419 936 1461 ὦ
961 1423 1109 1468 νεανία,
1152 1417 1240 1451 ²3¹³

195 1488 243 1526 τὰ
269 1486 389 1538 πρῶτ’
415 1488 458 1528 ἐν
487 1489 744 1540 ἀνθρώποισι·
784 1487 974 1541 Δημήτηρ
1000 1491 1128 1529 θεα-
1360 1500 1421 1531 275

196 1554 245 1605 γῆ
271 1552 304 1594 δ’
330 1554 454 1600 ἐστίν,
484 1556 609 1606 ὄνομα
633 1555 667 1594 δ’
693 1555 884 1607 ὁπότερον
907 1555 1038 1612 βούλῃ
1066 1555 1192 1596 κάλει·

196 1619 291 1670 αὕτη
317 1622 389 1671 μὲν
414 1622 456 1661 ἐν
481 1620 661 1673 ξηροῖσιν
686 1621 868 1674 ἐκτρέφει
892 1621 1074 1674 βροτούς·
1187 1619 1208 1659 ’ἶ

171 1685 238 1760 '43⁵'
262 1685 294 1725 δ’
322 1686 410 1737 ἦλθ’
437 1687 571 1734 ἔπειτ’,
598 1689 816 1728 ἀντίπαλον
842 1689 862 1727 ὁ
888 1687 1065 1739 Σεμέλης
1089 1689 1206 1741 γόνος

178 1761 184 1791 1
198 1753 367 1805 βότρυος
393 1754 512 1806 ὑγρὸν
541 1754 642 1805 πῶμ’
667 1755 760 1806 ηὗρε
786 1753 1068 1806 κείσηνέγκατο

198 1822 365 1869 θνητοῖς,
394 1819 414 1860 ὃ
441 1821 555 1861 παύει
579 1821 668 1862 τοὺς
693 1821 964 1872 ταλαιπώρους
989 1821 1156 1872 βροτοὺς
1362 1827 1422 1857 280

171 1886 336 1940 ὶλύπης,
364 1888 459 1927 ὅταν
484 1890 721 1938 πλησθῶσιν
747 1887 925 1938 ἀμπέλου
949 1889 1054 1939 ῥοῆς,

172 1941 320 2006 ξῦπνον
344 1970 387 1994 τε
411 1953 538 2004 λήθην
563 1958 640 1994 τῶν
667 1954 750 1994 καθ’
777 1953 925 2006 ἡμέραν
950 1958 1078 1994 κακῶν

471 2020 526 2035 ²1!
580 2020 635 2035 ’M

171 2007 372 2089 Ιδίδωσιν,
400 2020 468 2060 οὐδ
506 2038 577 2061 εστ
615 2027 716 2061 αλλο
742 2020 950 2072 φάρμακον
975 2022 1119 2062 πόνων.

141 2120 202 2150 257
228 2111 334 2153 φέρειν
351 2112 383 2142 l:
406 2111 511 2154 φέρων
528 2113 554 2142 L
566 2113 593 2143 P
713 2113 773 2143 261
798 2112 896 2153 γάνος
913 2112 960 2145 L:
985 2112 1086 2153 γάμος
1105 2112 1131 2142 Ρ
1261 2114 1323 2151 263
1347 2115 1421 2144 δυσ·

98 2155 229 2191 σεβείας
246 2156 372 2186 Reiske
391 2166 398 2186 ε
423 2156 588 2193 εὐσεβείας
607 2156 632 2186 L
648 2156 696 2187 P:
721 2157 872 2193 ἀσεβείας
889 2156 968 2187 Chr.
990 2157 1060 2186 Pat.
1086 2166 1142 2195 191
1258 2158 1321 2195 265
1345 2161 1422 2186 ante

98 2199 161 2237 264
177 2198 250 2229 trai.
268 2198 449 2236 Musgrave
541 2210 605 2238 270
629 2199 735 2240 θράσει
748 2199 906 2239 Madvig:
930 2198 1045 2241 θρασὺς
1064 2199 1128 2230 LP
1225 2198 1260 2231 δὲ
1274 2200 1299 2229 L
1319 2211 1325 2230 ε
1346 2213 1383 2231 τε
1396 2199 1422 2229 Ρ

97 2251 162 2280 270
178 2251 228 2281 sq.
248 2241 311 2272 del.
333 2242 494 2272 Dindorf:
519 2242 620 2273 habet
637 2243 731 2274 Stob.
751 2243 782 2273 ss.
801 2252 854 2281 45.
873 2253 892 2272 2
1020 2244 1085 2282 276
1109 2241 1221 2283 ὄνομα]
1241 2243 1342 2282 ὃπόμα
1367 2242 1421 2283 (ab

97 2284 255 2326 ὁπότερον
277 2285 446 2326 sequenti)
475 2285 501 2315 P
605 2287 670 2326 278
692 2287 726 2318 ὃς
744 2285 771 2318 δ’
790 2286 851 2316 Fix
867 2296 873 2315 :
898 2284 944 2318 ὅδ’
961 2285 988 2315 L
1004 2286 1030 2316 P
1124 2285 1198 2324 ἦλθ’
1217 2285 1317 2318 ἔπειτ’
1335 2286 1422 2318 ἀντί-

97 2334 202 2360 παλον
214 2328 388 2359 Housman
402 2329 594 2369 (ἀντίπαλος
605 2329 696 2360 malit
708 2329 921 2370 Marchant):
938 2328 1038 2367 ἦλθεν
1051 2329 1138 2370 (ἦλθ’
1151 2329 1190 2370 Ρ)
1205 2331 1255 2362 ἐπὶ
1268 2330 1420 2362 τάντίπα-

98 2378 158 2403 λον
171 2371 230 2401 LP
320 2382 384 2411 279
408 2371 487 2409 πῶμ’
507 2371 678 2413 Elmsley:
702 2370 778 2412 πόμ’
796 2372 822 2402 L
838 2371 864 2402 P
952 2373 1013 2403 281
1039 2377 1205 2412 πληθῶσιν
1223 2374 1249 2404 Ρ
1268 2385 1274 2404 :
1299 2383 1383 2404 corr.
1399 2377 1422 2412 p
