1658 2740
675 118 1026 156 ΕΥΡΙΠΙΔΟΥ

186 223 262 261 Me.
283 222 325 260 ἐν
351 220 517 271 εὐσεβεῖ
538 224 633 274 γοῦν
658 223 803 274 νόμιμα
827 222 878 274 μὴ
906 222 1089 263 κλέπτειν
1113 227 1272 276 νεκρῶν.

185 290 255 327 Θε.
283 289 367 327 ἴτω·
406 288 502 339 πρὸς
525 288 634 339 ἡμῶν
657 289 808 343 ἄλοχον
828 290 978 341 εὐσεβῆ
1003 290 1176 343 τρέφειν.

285 355 413 394 ἐλθὼν
439 354 471 394 δ’
498 356 538 396 ἐς
563 357 689 398 οἴκους
717 355 854 406 ἐξελοῦ
879 357 1029 408 κόσμον
1053 361 1187 411 νεκρῷ·

283 421 345 460 καὶ
372 423 419 461 σὲ
445 422 490 462 οὐ
515 425 668 463 κεναῖσι
694 424 811 476 χερσὶ
836 425 908 475 γῆς
934 424 1159 469 ἀποστελῶ,
1425 429 1510 460 1280

284 487 485 539 δράσαντα
508 491 602 545 τῇδε
626 489 723 541 πρὸς
746 489 876 542 χάριν·
917 489 1050 543 φήμας
1075 489 1107 530 δ’
1133 490 1220 540 ἐμοὶ

283 555 432 596 ἐσθλὰς
457 555 628 607 ἐνεγκὼν
653 555 737 596 ἀντὶ
762 558 831 606 τῆς
856 557 1066 610 ἀχλαινίας

282 621 432 670 ἐσθῆτα
456 620 570 677 λήψῃ
598 622 692 662 σῖτά
718 622 765 669 θ’,
793 623 898 663 ὥστε
925 623 963 663 σ’
991 626 1030 666 ἐς
1055 623 1206 676 πάτραν

283 688 427 734 ἐλθεῖν,
457 688 541 728 ἐπεὶ
566 692 634 728 νῦν
663 688 700 740 γ’
719 689 867 731 ἀθλίως
891 689 1023 743 ἔχονθ’
1048 691 1138 741 ὁρῶ.

350 753 400 793 σὺ
425 753 470 800 δ’,
498 752 527 793 ὦ
553 753 734 801 τάλαινα,
764 755 816 805 μὴ
841 755 898 795 ’πὶ
922 760 1003 798 τοῖς
1029 757 1234 806 ἀνηνύτοις
1427 762 1508 799 1285

280 819 484 872 τρύχουσα
509 819 659 871 σαυτήν
686 851 694 861 .
727 851 734 861 .
767 852 774 861 .
803 821 1015 864 Μενέλεως
1040 821 1073 862 δ’
1098 822 1184 875 ἔχει
1208 822 1373 873 πότμον,

282 884 372 925 κούκ
397 885 446 926 ἂν
471 886 628 927 δύναιτο
660 888 731 937 ζῆν
758 888 778 926 ὁ
803 889 1005 929 κατθανὼν
1030 889 1161 930 πόσις.

182 954 258 992 Me.
281 951 355 992 σὸν
381 952 509 1005 ἔργον,
536 951 566 993 ὦ
593 956 714 994 νεᾶνι·
755 953 824 995 τὸν
849 955 1025 1007 παρόντα
1048 957 1121 1006 μὲν

281 1018 464 1072 στέργειν
491 1020 611 1060 πόσιν
638 1020 728 1074 χρή,
755 1020 824 1062 τὸν
851 1023 892 1062 δὲ
916 1021 1050 1072 μηκέτ’
1079 1021 1158 1062 ὄντ’
1185 1023 1267 1062 ε’ἇν·

280 1086 422 1138 ἄριστα
447 1086 522 1139 γάρ
551 1104 616 1127 σοι
641 1091 761 1128 ταῦτα
786 1088 882 1140 πρὸς
907 1087 951 1128 τὸ
975 1088 1187 1142 τυγχάνον.
1429 1102 1511 1134 1290

278 1149 325 1202 ἢν
351 1152 383 1192 δ’
408 1152 573 1194 Ἑλλάδ’
600 1155 703 1194 ἔλθω
731 1156 793 1195 καὶ
818 1155 924 1208 τύχω
952 1157 1160 1207 σωτηρίας,

280 1219 419 1259 παύσω
444 1220 576 1272 ψόγου
602 1238 650 1261 σε
675 1225 743 1261 τοῦ
768 1222 872 1273 πρίν,
899 1218 947 1271 ἣν
971 1222 1068 1275 γυνὴ
1093 1221 1190 1278 γένῃ
1427 1236 1508 1267 1293

278 1287 364 1326 οἵαν
389 1286 577 1338 γενέσθαι
602 1286 678 1341 χρή
706 1305 754 1329 σε
780 1291 838 1342 σῷ
864 1287 1083 1345 ξυνευνέτῃ.
1427 1303 1508 1334 1²9²

182 1354 255 1392 Ελ.
283 1352 396 1392 ἔσται
420 1352 516 1393 τάδ’·
559 1353 645 1393 1η’)δὲ
671 1354 872 1407 μέμψεται
898 1357 1016 1398 πόσις
1040 1357 1136 1396 ποτὲ

279 1419 382 1470 ἡμῖν·
422 1419 473 1460 σὺ
498 1419 530 1460 δ’
556 1420 670 1463 αὐτὸς
695 1421 812 1474 ἐγγὺς
839 1420 892 1462 ὣν
918 1423 1008 1478 εἴσῃ
1032 1422 1135 1463 τάδε.
1426 1436 1507 1467 1295

344 1485 448 1532 ἀλλ’,
477 1484 506 1526 ὦ
531 1486 666 1533 τάλας,
695 1489 854 1529 εἴσελθε
880 1489 942 1529 καὶ
966 1492 1143 1541 λουτρῶν
1167 1489 1262 1542 τύχε

279 1552 428 1603 ἐσθῆτά
453 1552 486 1593 τ’
513 1551 749 1605 ἐξάλλαξον.
822 1555 891 1596 οὐκ
916 1557 956 1598 ἐς
982 1556 1167 1607 ἀμβολὰς

278 1618 522 1672 εὐεργετήσω
550 1620 602 1659 σ’·
640 1621 923 1674 εὐμενέστερον
948 1623 1024 1676 γὰρ
1049 1622 1097 1663 ἂν

276 1689 328 1739 τῷ
355 1686 533 1741 φιλτάτῳ
559 1704 626 1738 μοι
652 1687 843 1743 Μενέλεῳ
868 1691 917 1729 τὰ
943 1689 1157 1742 πρόσφορα

277 1749 402 1806 δρῴης
427 1752 486 1800 ἄν,
514 1754 624 1805 ἡμῶν
648 1753 859 1808 τυγχάνων
886 1757 979 1796 οἵων
1005 1773 1051 1796 σε
1077 1755 1168 1810 χρή.
1421 1769 1507 1800 1300

177 1853 248 1890 xo.
541 1853 677 1906 Ὀρεία
702 1857 798 1895 ποτὲ
823 1855 986 1908 δρομάδι
1012 1856 1084 1896 κώ·
1340 1853 1442 1911 [στρ.
1470 1874 1494 1897 α

541 1925 598 1974 λῳ
623 1920 750 1973 μάτηρ
775 1925 874 1963 θεῶν
900 1923 1020 1973 ἐσύθη
1047 1923 1108 1962 ἀν’

607 1987 779 2028 ὑλάεντα
802 1988 904 2039 νάπη

222 2078 302 2116 1278
326 2078 399 2119 ἴτω]
416 2092 466 2121 γρ.
486 2081 553 2117 ἥτω
571 2081 604 2112 in
626 2083 777 2122 margine
796 2083 837 2113 L²
850 2084 903 2114 vel
921 2084 948 2114 l:
975 2094 1087 2116 merus
1105 2094 1202 2115 error
1293 2093 1376 2122 1279
1393 2085 1503 2124 ἐξελοῦ

176 2120 323 2151 Badhan]
341 2133 347 2151 :
375 2125 472 2163 ἐξελῶ
485 2123 511 2153 L
525 2123 551 2154 Ρ
662 2128 744 2157 1282
768 2133 846 2165 post
864 2129 1004 2169 ἐνεγκών
1021 2129 1122 2159 habet
1136 2128 1170 2169 γ’
1189 2127 1215 2157 L
1234 2138 1240 2158 :
1265 2129 1323 2168 οὐγ
1341 2127 1367 2157 Ρ
1382 2138 1389 2157 :
1413 2127 1502 2157 delet

176 2163 351 2194 Hermann
451 2167 524 2207 τῆς]
543 2169 636 2205 τῆσδ’
656 2169 815 2209 Hartung
906 2172 987 2208 1283
1014 2170 1056 2211 θ’]
1070 2173 1099 2203 τ’
1119 2171 1183 2201 LP
1275 2171 1357 2201 1286
1381 2169 1501 2211 τρύχου

175 2208 324 2246 σεαυτήν,
351 2209 445 2247 quasi
478 2221 497 2240 a
533 2212 672 2252 τρυχόω,
712 2213 885 2253 Scaliger:
953 2214 1106 2245 lacunam
1142 2214 1302 2244 indicavit
1338 2213 1501 2244 Matthiae

174 2248 201 2280 δ’
232 2250 377 2282 fortasse
408 2253 590 2286 delendum
736 2258 816 2296 1287
851 2257 960 2298 πόσις]
988 2258 1085 2290 πάλιν
1116 2257 1346 2289 VVilamowitz
1405 2266 1498 2296 1292.

177 2302 256 2331 1293
293 2298 501 2334 transposuit
533 2299 661 2329 Canter
810 2309 890 2340 1293
915 2300 1019 2342 ψόγον
1048 2301 1074 2331 Ρ
1181 2311 1260 2340 1297
1290 2303 1321 2333 ἐς
1349 2300 1402 2331 hic
1434 2300 1500 2330 LP

177 2346 260 2374 1300
284 2338 346 2379 χρή
366 2339 548 2372 Matthiae:
573 2345 656 2382 χρῆν
675 2343 700 2372 L
714 2343 739 2373 P
854 2354 934 2382 1303
959 2344 1092 2375 videtur
1109 2344 1166 2376 ἀνά
1186 2350 1218 2375 et
1237 2344 1498 2384 prodelisionexn

173 2385 205 2410 et
225 2381 399 2413 elisionem
418 2384 497 2422 pati,
526 2385 565 2415 cf.
586 2386 719 2416 antistr.
740 2398 746 2417 :
772 2385 818 2418 ἀν’
836 2389 958 2419 {matra
977 2388 1125 2419 Dindorf
