1658 2740
599 131 945 168 ΕΥΡΙΠΙΔΟΥ

107 240 179 287 Φρ.
205 236 276 286 τὴν
301 235 397 286 ἐμὴν
423 233 560 288 ψυχὴν
587 234 799 286 κατώμοσ’,
828 233 876 285 ἣν
901 234 950 276 ἂν
975 235 1167 288 εὐορκοῖμ’
1193 237 1284 289 ἐγώ.

105 305 179 354 Ορ.
207 304 280 343 ὦδε
308 304 378 342 κάν
401 303 526 356 Τροίᾳ
552 303 712 354 σίδηρος
738 304 836 342 πᾶσι
864 300 1015 354 Φρυξὶν
1039 301 1088 352 ἣν
1113 303 1263 355 φόβος,·

107 372 181 420 Φρ.
210 369 333 422 ἄπεχε
360 367 584 421 φάσγανον·
623 368 749 411 πέλας
775 370 850 421 γὰρ
878 367 1006 409 δεινὸν
1030 369 1217 421 ἀνταυγεῖ
1240 370 1379 422 φόνον.

105 438 178 488 Ορ.
204 435 255 487 μὴ
282 434 422 487 πέτρος
447 435 542 492 γένῃ
567 435 744 478 δέδοικας
769 436 874 477 ὥστε
903 434 1066 488 Γοργόν’
1092 436 1268 483 εἷσιδών,·
1350 450 1433 480 1520

107 506 179 554 Φρ.
207 502 258 553 μὴ
285 504 356 553 μὲν
381 503 449 543 οὖν
475 503 622 554 νεκρός·
659 503 705 543 τὸ
731 505 901 555 Γοργοῦς
927 501 959 543 δ’
982 501 1027 542 οὐ
1053 501 1197 542 κάτοιδ’
1218 503 1295 554 ἐγὼ
1321 501 1431 554 κάρα.

105 571 178 620 Ορ.
206 572 346 610 δοῦλος
371 568 424 610 ὢν
449 573 563 626 φοβῇ
587 573 655 610 τὸν
672 567 827 620 (Ἃιδην,
855 570 896 611 ὅς
923 568 961 608 (τ’
991 566 1216 618 ἀπαλλάξει
1242 573 1388 616 κακῶν;

106 638 180 688 Φρ.
207 638 281 677 πᾶς
307 634 416 688 ἀνήρ,
445 634 515 676 κᾶν
541 637 679 677 δοῦλος
702 634 725 692 ᾗ
748 653 817 682 τις,
845 635 979 686 ἥδεται
1003 635 1047 676 τὸ
1077 639 1162 688 φῶς
1188 636 1300 688 ὁρῶν.

105 704 178 754 Ορ.
205 702 246 742 εὖ
270 701 415 754 λέγεις·
453 700 567 756 σῴζει
592 719 639 743 σε
667 702 841 745 σύνεσις.
902 703 1009 743 ἀλλὰ
1035 702 1143 753 βαῖν’
1170 702 1252 743 ἔσω
1278 702 1420 754 δόμων.

107 771 179 821 Φρ.
206 768 273 809 οὐκ
299 768 373 820 ἄρα
399 771 545 810 κτενεῖς
568 769 643 819 μεῖ
752 771 826 821 Ορ.
887 769 1065 821 ἀφεῖσαι.
1178 772 1251 822 Φρ.
1315 769 1437 810 καλὸν

340 835 433 876 ἔπος
457 831 714 886 λέγεις’τόδε.
886 834 916 841 ’
1352 849 1435 880 1525

107 904 178 954 Ορ.
207 903 311 942 ἀλλὰ
335 902 782 954 μεταβουλευσόμεσθα.
909 906 983 954 Φρ.
1042 905 1155 943 τοῦτο
1180 901 1212 942 δ’
1238 903 1282 943 οὐ
1309 906 1436 945 καλῶς

340 967 485 1021 λέγεις.

106 1038 178 1087 Ορ.
206 1039 349 1087 μῶρος,
378 1036 411 1076 εἰ
437 1038 562 1076 δοκεῖς
585 1052 633 1085 με
658 1037 799 1086 τλῆναι
826 1035 903 1086 σὴν
929 1034 1164 1086 καθαιμάξαι
1188 1034 1317 1088 δέρην·

206 1102 295 1142 οὔτε
320 1103 393 1154 γὰρ
419 1101 515 1154 γυνὴ
542 1101 860 1154 πέφυκας-οὔτ’
886 1103 929 1143 ἐν
953 1101 1144 1153 ἀνδράσιν
1169 1103 1220 1142 σύ
1244 1101 1280 1154 γ’
1305 1102 1352 1143 εἶ.

207 1172 274 1209 τοῦ
299 1171 339 1209 δὲ
364 1168 416 1219 μὴ
443 1169 596 1219 στῆσαί
619 1186 667 1209 σε
692 1168 864 1221 κραυγὴν
890 1167 1014 1209 οὕνεκ’
1041 1167 1209 1219 ἐξῆλθον
1234 1169 1378 1220 δόμων·

208 1234 279 1286 ὀξὺ
304 1237 377 1288 γὰρ
403 1237 504 1286 βοῆς
529 1236 703 1276 ἀκοῦσαν
722 1235 869 1288 ’Ἄργος
895 1233 1145 1287 ἐξεγείρεται.
1353 1249 1437 1280 1530

209 1301 424 1343 Μενέλεων
449 1301 481 1341 δ’
506 1301 551 1342 οὐ
574 1301 723 1354 τάρβος
747 1302 839 1353 ἡμῖν
864 1303 1085 1352 ἀναλαβεῖν
1111 1302 1192 1343 ἔσω
1217 1301 1370 1355 ξίφους·

207 1368 297 1409 ἀλλ’
323 1370 391 1410 ἴτω
417 1368 574 1419 ξανθοῖς
600 1368 660 1409 ἐπ’
687 1369 801 1420 ὤμων
826 1369 1069 1422 βοστρύχοις
1094 1370 1369 1422 γαυρούμενος·

207 1437 240 1476 εἰ
265 1436 339 1488 γὰρ
364 1435 565 1487 Ἀργείους
590 1434 726 1485 ἐπάξει
751 1438 886 1476 τοῖσδε
912 1436 1089 1487 δώμασιν
1115 1437 1269 1487 λαβών,

207 1501 275 1542 τὸν
299 1501 467 1551 Ἑλένης
494 1502 619 1553 φόνον
645 1502 808 1549 διώκων,
837 1503 933 1554 κάμὲ
957 1502 1008 1553 μὴ
1038 1501 1174 1557 σῴζειν
1199 1502 1308 1543 θέλει

209 1568 408 1620 σύγγονόν
433 1568 466 1607 τ’
493 1568 588 1619 ἐμὴν
616 1568 807 1619 Πυλάδην
832 1586 874 1610 τε
899 1569 966 1610 τὸν
991 1569 1083 1610 τάδε
1108 1568 1331 1622 ξυνδρῶντά
1354 1586 1434 1621 μοι,

208 1634 404 1686 παρθένον
429 1652 471 1675 τε
497 1636 559 1675 καὶ
585 1634 762 1687 δάμαρτα
786 1636 853 1676 δύο
879 1636 1001 1688 νεκρὼ
1027 1636 1257 1689 κατόψεται.
1354 1640 1436 1681 1536

112 1737 182 1774 Xo.
226 1761 281 1766 —
477 1734 520 1774 ἰὼ
548 1733 591 1774 ἰὼ
616 1734 730 1788 τύχα,
1335 1731 1436 1788 [ἀντ.

478 1800 611 1852 ἕτερον
636 1802 691 1843 εἰς
710 1801 841 1853 ἀγῶν’,
869 1802 1001 1854 ἕτερον
1026 1801 1073 1842 αἳ)
1098 1803 1215 1853 δόμος

479 1867 658 1919 φοβερὸν
684 1868 787 1920 ἀμφὶ
812 1868 900 1910 τοὺς
926 1868 1128 1921 Ἀτρείδας
1153 1870 1291 1910 πίτνει.

157 1970 236 2000 1517
261 1962 299 1992 ’ὰν
314 1970 376 1990 om.
396 1960 426 1990 V
529 1961 612 1998 1518
637 1961 762 2003 σίδαρος
779 1961 809 1991 V
823 1961 848 1991 P
938 1963 1015 1993 πᾶσι
1033 1971 1096 1993 om.
1118 1961 1150 1990 M
1243 1962 1272 1993 ἷν
1289 1960 1389 2002 φόβος
1410 1962 1435 1992 L

112 2014 195 2044 1519
220 2018 269 2045 Ὑρ.
290 2005 394 2044 ἄπαγε
414 2003 445 2032 Μ
603 2014 685 2043 1520
713 2006 828 2037 ἐσιδών
846 2003 876 2034 Α
1028 2014 1109 2043 1522
1135 2005 1304 2046 ἀπαλλάξῃ
1324 2005 1356 2034 Μ
1370 2005 1396 2035 L
1410 2005 1436 2036 P

109 2048 229 2088 κακῶν]
242 2047 356 2087 χθονός
367 2046 399 2076 Α
490 2056 572 2086 1523
590 2048 703 2089 ὂρᾶνν
716 2048 742 2078 P
835 2057 915 2087 1525
933 2051 1059 2080 κτανεῖς
1074 2048 1138 2078 LP
1225 2061 1266 2087 με
1280 2048 1434 2079 BVLP:

107 2090 140 2130 μ’
160 2091 190 2121 Μ
206 2092 237 2121 Α
362 2091 444 2129 1526
467 2091 818 2131 μεταβουλευσόμεσθα
837 2091 863 2122 Β
880 2103 886 2121 ;
912 2095 1005 2131 -μεθα
1023 2091 1093 2122 rell.
1213 2101 1293 2130 1527
1318 2093 1435 2129 τλῆναι

108 2145 172 2165 om.
203 2135 232 2164 V
410 2134 493 2172 1528
523 2133 668 2173 πέφηνας
692 2135 723 2165 V
842 2137 876 2167 ἐν
901 2145 966 2166 orn.
995 2135 1021 2165 L
1040 2135 1066 2165 P
1185 2134 1295 2164 malim
1328 2134 1369 2166 σύ
1395 2148 1435 2175 ’γε

113 2188 194 2217 1529
218 2177 290 2218 τοῦ]
311 2181 406 2210 τοῦτο
425 2178 456 2208 Μ
473 2192 478 2209 ;
506 2187 591 2208 corr.
613 2177 662 2207 Μ2
682 2178 734 2218 (ut
750 2178 901 2217 videtur)
993 2178 1093 2216 ἦλθον
1111 2177 1137 2208 Ρ
1265 2187 1343 2217 1531
1371 2178 1434 2210 ἔσω

110 2221 162 2251 hie
181 2221 208 2250 V
313 2222 399 2262 ξίφος
415 2221 446 2251 Μ
464 2221 489 2251 L
671 2231 752 2261 1533
777 2221 854 2264 γὰρ]
874 2225 901 2254 δ’
919 2223 966 2263 ἄρ’
983 2221 1075 2252 Weil
1179 2221 1308 2262 λαβών]
1324 2224 1436 2262 μολῶν

109 2264 159 2294 V:
183 2266 292 2303 μολών
311 2264 359 2294 Μ2
488 2274 569 2304 1534
596 2263 709 2305 σῴζειν
726 2264 812 2297 θέλει
831 2265 856 2295 L
872 2265 897 2296 Ρ
910 2265 937 2296 Β
955 2277 962 2296 :
991 2264 1104 2306 σῴζειν
1121 2264 1197 2307 θέλῃ
1219 2264 1316 2295 MA:
1342 2266 1432 2306 σώσῃ

110 2311 214 2339 θανεῖν
237 2308 266 2338 V
294 2309 367 2346 (sed
401 2311 447 2341 εἳν
479 2309 513 2339 in
546 2317 610 2338 ras.
640 2309 673 2347 v)
699 2322 750 2350 γρ.
777 2308 809 2339 Μ
836 2322 887 2349 γρ.
919 2309 947 2340 Β
1131 2317 1212 2347 1535
1245 2322 1281 2340 τε
1312 2317 1376 2339 om.
1401 2307 1434 2339 A

113 2352 194 2388 1536
226 2351 286 2382 δύω
310 2351 378 2382 VL
540 2361 621 2390 1537
653 2353 687 2383 ἰὼ
711 2352 799 2393 τύχα
822 2353 856 2384 ἰὼ
881 2352 969 2393 τύχα
991 2351 1021 2382 V
1139 2352 1249 2392 ἕτερον
1272 2352 1381 2393 ἀγῶνα
1402 2351 1434 2383 V

109 2393 147 2424 αὖ
165 2404 227 2426 om.
251 2394 276 2424 L
