1658 2740
643 128 957 166 ψΟΙΝΙΣΣΑΙ

235 233 419 282 κλίμακος
444 233 622 283 ἀμείβων
646 231 755 283 ξέστ’
780 230 981 282 ἐνηλάτων
1005 231 1148 285 βάθρα.

234 297 304 349 ἤδη
332 298 364 338 δ’
390 300 680 350 ὑπερβαίνοντα
704 302 822 352 γεῖσα
846 298 1011 352 τειχέων
1385 304 1466 336 1180

233 362 382 416 βάλλει
407 369 577 420 κεραυνῷ
605 366 703 408 Ζεύς
729 382 802 406 νιν·
841 366 1038 416 ἐκτύπησε
1064 368 1104 406 δὲ

234 432 356 485 χθών,
384 432 487 474 ὥστε
514 435 644 473 δεῖσαι
669 429 832 473 πάντας·
871 433 913 472 ἐκ
938 434 978 473 δὲ
1007 431 1205 484 κλιμάκων

233 495 517 551 [ἐσφενδονᾶτο
545 498 665 552 χωρὶς
691 497 881 549 ἀλλήλων
905 498 1020 550 μέλη,

237 566 349 616 κόμαι
373 567 446 616 μὲν
472 567 526 608 εἷς
547 564 774 616 ’Όλυμπον,
801 566 897 617 αἷμα
921 565 954 606 δ’
981 568 1020 608 ἐς
1044 567 1183 619 χθόνα,

234 635 364 684 χεῖρες
389 634 430 673 δὲ
458 632 520 673 καὶ
548 632 639 672 κῶλ’
667 631 718 675 ὡς
744 632 915 684 κύκλωμ’
940 630 1119 684 Ἰξίονος]
1387 637 1467 676 ¹185

236 698 440 739 εἱλίσσετ’·
481 700 520 741 ἐς
546 701 620 751 γῆν
645 698 679 740 δ’
704 699 875 751 ἔμπυρος
899 701 1034 740 πίπτει
1060 700 1206 751 νεκρός.

303 765 354 807 ὡς
378 765 411 805 δ’
437 765 506 806 εἶδ’
527 764 753 818 ’Ἄδραστος
779 769 889 818 Ζῆνα
913 766 1106 817 πολέμιον
1131 771 1298 821 στρατῷ,

237 831 312 882 ἔξω
335 829 489 885 τάφρου
516 835 680 874 καθῖσεν
705 832 897 885 Ἀργείων
923 834 1107 885 στρατόν.

237 900 273 939 οἱ
299 898 332 938 δ’
358 898 405 939 αὖ
430 898 520 951 παρ’
544 899 654 951 ἡμῶν
679 897 809 949 δεξιὸν
836 903 933 942 Διὸς
956 900 1070 952 τέρας

239 965 387 1008 ἰδόντες
412 964 630 1016 ἐξήλαυνον
656 965 839 1019 ἁρμάτων
863 968 981 1020 ὄχους
1386 978 1469 1011 1190

239 1033 359 1082 ἱππῆς
386 1032 558 1079 ὁπλῖται,
587 1033 655 1075 κάς
679 1032 770 1084 μέσ’
795 1033 986 1086 Ἀργείων
1010 1034 1117 1073 ὅπλα

239 1100 427 1151 συνῆψαν
452 1099 566 1152 ἔγχη·
604 1097 732 1140 πάντα
757 1099 790 1140 δ’
816 1098 863 1150 ἦν
888 1100 984 1150 ὁμοῦ
1011 1099 1122 1140 κακά·

239 1165 433 1221 ἔθνῃσκον
460 1164 673 1216 ἐξέπιπτον
698 1165 877 1218 ἀντύγων
901 1165 993 1212 ἄπο,

237 1232 380 1285 τροχοί
399 1230 433 1271 τ’
458 1231 614 1282 ἐπήδων
638 1231 776 1283 ἄξονές
800 1232 834 1272 τ’
859 1232 920 1274 ἐπ’
944 1231 1075 1283 ἄξοσι,

239 1298 369 1350 νεκροὶ
394 1300 436 1339 δὲ
462 1302 614 1350 νεκροῖς
639 1298 918 1352 ἐξεσωρεύονθ’
944 1299 1054 1351 ὁμοῦ.
1388 1312 1466 1343 1195

304 1365 464 1418 πύργων
489 1367 562 1417 μὲν
586 1365 656 1407 οὖν
680 1368 752 1418 γῆς
777 1367 952 1420 ἔσχομεν
978 1367 1238 1419 κατασκαφὰς

239 1433 279 1473 ἐς
303 1430 375 1482 τὴν
401 1435 607 1484 παροῦσαν
631 1432 791 1484 ἡμέραν·
829 1434 863 1473 εἰ
887 1432 920 1472 δ’
945 1432 1111 1486 εὐτυχὴς

239 1498 354 1539 ἔσται
378 1498 423 1539 τὸ
449 1499 589 1540 λοιπὸν
614 1499 683 1550 ἥδε
708 1501 772 1552 γῆ,
801 1502 904 1542 θεοῖς
927 1499 1056 1551 μέλει·

240 1566 302 1606 καὶ
325 1569 394 1606 νῦν
418 1567 492 1619 γὰρ
518 1565 639 1616 αὐτὴν
665 1567 859 1618 δαιμόνων
884 1565 1018 1621 ἔσῳσέ
1041 1583 1112 1608 τις.

139 1634 211 1671 Χο.
242 1631 362 1673 καλὸν
386 1632 430 1672 τὸ
457 1636 581 1674 νικᾶν·
623 1634 656 1674 εἰ
682 1632 715 1674 δ’
740 1633 912 1684 ἀμείνον’
937 1635 973 1674 οἱ
999 1633 1082 1674 θεοὶ
1384 1645 1467 1667 1200

239 1700 398 1751 γνώμην
426 1699 817 1753 ἔχουσιν-εὐτυχὴς
843 1701 927 1750 εἵην
953 1700 1042 1752 ἐγώ.

143 1768 192 1805 [ο.
233 1770 361 1808 καλῶς
386 1768 435 1807 τὰ
462 1771 540 1807 τῶν
566 1770 666 1807 θεῶν
692 1767 754 1807 καὶ
778 1768 826 1807 τὰ
850 1769 918 1817 τῆς
942 1767 1065 1820 τύχης
1090 1765 1189 1819 ἔχει·

240 1832 376 1874 παῖδές
401 1850 445 1874 τε
468 1833 542 1886 γάρ
566 1850 632 1884 μοι
660 1834 754 1883 ζῶσι
781 1832 1031 1886 κάκπέφευγε
1055 1835 1118 1885 γῆ.

242 1898 378 1952 Κρέων
403 1899 436 1940 δ’
463 1899 565 1940 ἔοικε
590 1903 669 1940 τῶν
695 1901 799 1951 ἐμῶν
824 1898 1112 1952 νυμφευμάτων

187 1994 268 2033 1183
294 2003 357 2023 om.
371 1992 403 2022 A
418 2004 424 2024 :
441 1993 516 2023 add.
529 1992 572 2023 A¹
591 1993 624 2023 in
638 1992 788 2030 margine
891 1991 1084 2030 1183-1185
1103 1990 1168 2022 del.
1183 1990 1302 2021 Nauck
1387 1991 1467 2027 1184

140 2036 250 2077 κόμαι]
272 2038 359 2068 πνοαὶ
380 2036 492 2066 Naber
591 2036 673 2066 1186
698 2034 845 2067 ἑλίσσετ’
866 2033 1006 2074 (ἑλίσετ’
1026 2034 1076 2074 M)
1097 2034 1196 2064 codd.
1214 2045 1222 2064 τ
1247 2043 1330 2065 corr.
1353 2032 1467 2064 Heath

144 2081 225 2110 1188
251 2083 381 2111 καθῖσεν
407 2080 442 2110 L.
474 2079 642 2110 Dindors:
674 2081 822 2111 καθεῖσεν
848 2077 1064 2108 MABVL:
1098 2080 1241 2108 καθεῖκεν
1264 2087 1307 2107 ex
1333 2080 1470 2115 καθῆκεν

140 2123 218 2153 fecit
237 2122 264 2153 P
423 2125 505 2162 1189
529 2122 622 2164 τέρας
639 2124 714 2154 Διὸς
731 2122 761 2152 V
918 2131 1001 2161 1190
1026 2122 1107 2161 ὅχας
1126 2121 1164 2160 L,
1183 2121 1242 2150 sed
1260 2134 1294 2152 ου
1312 2130 1413 2159 supra
1434 2133 1469 2152 ας

141 2167 268 2206 scripto
288 2177 295 2197 τ
319 2167 390 2206 ὄχοι
409 2166 590 2205 Musgrave
682 2175 761 2204 1191
788 2167 883 2203 ἱππῆς
901 2164 928 2195 Β
946 2176 952 2195 ε
977 2166 1081 2196 ἱππεῖς
1099 2166 1220 2201 (ἱππεῖς
1238 2164 1265 2195 θ’
1283 2163 1328 2204 Α)
1347 2164 1417 2194 rell.
1436 2168 1468 2193 et

142 2220 309 2249 suprascr.
329 2210 355 2240 B
458 2211 567 2242 ὅπλων
586 2209 638 2239 V:
663 2223 681 2241 α
698 2218 863 2248 suprascr.
877 2219 897 2239 v
997 2212 1076 2238 ante
1094 2212 1129 2238 et
1147 2212 1224 2247 post
1246 2217 1323 2246 1191
1345 2207 1468 2246 singuli

142 2263 260 2284 versus
293 2254 502 2284 intercidisse
533 2253 691 2283 videntur
721 2252 939 2283 Weckleinio
1152 2261 1231 2290 1192
1276 2254 1414 2291 ξυνῆψαν
1443 2250 1470 2280 Ρ

146 2307 226 2336 1194
249 2297 355 2337 ἄξονές
368 2296 415 2336 τ’]
430 2296 512 2337 ἅξον’
525 2296 556 2326 Α
647 2306 729 2336 1199
745 2296 844 2326 habet
860 2295 912 2325 M:
939 2296 972 2325 in
991 2294 1143 2333 margine
1161 2295 1236 2325 add.
1254 2295 1284 2324 l:
1310 2305 1374 2325 om.
1394 2294 1465 2324 rell.

145 2350 228 2371 1200
252 2339 407 2381 ἀμείνον’]
434 2341 563 2379 ἆμεΐνον
586 2340 742 2379 primitus
767 2339 822 2369 M:
848 2344 1028 2378 utrumque
1046 2343 1070 2372 Σ
1207 2348 1287 2368 1201
1315 2338 1423 2378 ἔχοιεν
1439 2337 1470 2368 V

143 2388 175 2413 et
192 2397 242 2425 γρ.
261 2383 292 2413 Μ
388 2394 467 2414 1202
493 2384 563 2423 ἔχοι
582 2383 614 2413 Μ
710 2392 790 2421 1203
810 2382 992 2424 κᾶπέφευγε
1011 2382 1043 2412 Μ
1056 2381 1088 2412 Α
1104 2393 1111 2412 :
1136 2382 1186 2413 καὶ
1204 2380 1348 2423 πέφευγε
1363 2381 1390 2411 Β
1402 2381 1432 2411 V
1444 2380 1472 2411 P
