1658 2740
629 109 974 151 ΕΥΡΙΠΙΔΟΥ

129 216 200 264 Ay.
228 213 376 264 δίδωμι·
416 216 490 254 σὸν
519 215 593 267 γὰρ
622 213 667 254 τὸ
697 214 853 267 κράτος,
880 215 1017 258 ἄθλιος
1043 217 1075 256 δ’
1102 218 1192 269 ἐγώ.

128 282 202 320 Me.
232 279 401 321 Πέλοπα
429 280 656 332 κατόμνυμ’,
689 280 732 324 ὃς
760 282 888 334 πατὴρ
912 283 1056 334 τούμοῦ
1082 284 1227 336 πατρὸς

223 350 291 386 τοῦ
318 351 390 387 σοῦ
415 346 448 387 τ’
476 346 638 399 ἐκλήθη,
669 347 739 389 τὸν
768 350 932 389 τεκόντα
956 349 989 389 τ’
1017 349 1171 402 Ἀτρέα,

225 411 248 462 ἦ
271 412 348 463 μὴν
373 415 476 465 ἐρεῖν
505 432 571 455 σοι
598 415 702 456 τάπὸ
735 417 893 468 καρδίας
919 420 1059 469 σαφῶς
1395 430 1457 463 475

225 480 286 520 καὶ
310 480 362 530 μὴ
389 479 564 531 ’πίτηδες
591 481 730 532 μηδέν,
762 482 853 522 ἀλλ’
880 483 977 524 ὅσον
1003 487 1150 535 φρονῶ.

290 547 365 598 ἐγώ
393 547 431 586 σ’
459 547 524 588 ἀπ’
556 549 693 588 ὄσσων
725 549 938 599 ἐκβαλόντ’
964 548 1053 590 ἰδὼν
1078 549 1197 603 δάκρυ

222 612 377 667 ᾤκτιρα,
409 613 548 656 καύτὸς
582 615 797 667 ἀνταφῆκά
825 633 890 656 σοι
915 616 1036 657 πάλιν

223 680 284 719 καὶ
310 684 396 735 τῶν,
414 685 595 720 παλαιῶν
631 681 904 733 ἐξαφίσταμαι
929 683 1074 735 λόγων,

220 745 287 786 οὐκ
314 748 353 788 ἐς
379 750 426 788 σὲ
451 748 589 788 δεινός·
637 748 714 798 εἰμὶ
744 748 777 787 δ’
809 749 928 801 οὗπερ
955 749 992 789 εἶ
1014 750 1064 790 σὺ
1089 753 1170 790 νῦν·
1389 756 1458 796 480

221 813 285 853 καί
309 830 374 853 σοι
401 818 578 866 παραινῶ
610 813 700 865 μήτ’
729 815 979 856 ἀποκτείνειν
1004 815 1141 857 τέκνον

216 878 305 929 μήτ’
332 879 575 921 ἀνθελέσθαι
604 880 763 932 τούμόν.
843 881 886 922 οὐ
911 884 985 934 γὰρ
1011 883 1162 923 ἔνδικον

218 947 264 986 σὲ
289 948 361 996 μὲν
388 946 605 997 στενάζειν,
642 948 746 999 τάμὰ
776 948 808 988 δ’
837 948 961 999 ἡδέως
986 950 1105 1002 ἔχειν,

217 1011 400 1069 θνῄσκειν
425 1031 468 1055 τε
492 1014 583 1056 τοὺς
615 1015 724 1061 σούς,
754 1015 846 1057 τοὺς
872 1015 904 1055 δ’
931 1015 1047 1067 ἐμοὺς
1073 1016 1167 1067 ὁρᾶν
1192 1015 1306 1069 φάος.

280 1081 320 1120 τί
342 1081 542 1132 βούλομαι
571 1079 665 1133 γάρ;
715 1082 758 1122 οὐ
788 1080 938 1134 γάμους
964 1081 1182 1135 ἐξαιρέτους
1388 1088 1452 1127 485

211 1146 360 1189 ἄλλους
384 1145 550 1198 λάβοιμ’
578 1147 639 1193 ἄν,
674 1150 706 1189 εἰ
736 1146 873 1200 γάμων
903 1150 1116 1200 ἱμείρομαι,·

211 1213 303 1254 ἀλλ’
331 1213 536 1255 ἀπολέσας
573 1215 772 1267 ἀδελφόν,
802 1216 848 1255 ὅν
871 1215 909 1266 μ’
937 1216 1079 1266 ἥκιστα
1103 1217 1217 1269 χρῆν,

210 1279 380 1330 “Ελε’νην
406 1282 571 1332 ἕλωμαι,
602 1281 646 1321 τὸ
682 1282 801 1322 κακὸν
828 1282 913 1322 ἀντὶ
940 1283 1131 1334 τάγαθοῦ;

212 1346 349 1399 ἄφρων
375 1347 463 1389 νέος
487 1347 520 1387 τ’
553 1347 588 1399 ἦ,
619 1347 710 1400 πρὶν
743 1349 790 1387 τὰ
816 1347 1012 1401 πράγματ’
1038 1348 1205 1400 ἐγγύθεν

212 1417 372 1454 σκοπῶν
399 1416 556 1455 ἐσεῖδον
587 1415 671 1455 οἶον
701 1413 748 1465 ἦν
779 1416 946 1455 κτείνειν
973 1414 1102 1455 τέκνα.
1386 1429 1452 1462 490

210 1479 342 1522 ἄλλως
368 1480 411 1521 τέ
433 1481 472 1532 μ’
499 1481 613 1522 ἕλεος
645 1484 714 1532 τῆς
743 1482 1000 1533 ταλαιπώρου
1027 1482 1142 1534 κόρης

210 1548 371 1598 ἐσῆλθε,
401 1547 640 1599 συγγένειαν
678 1548 934 1603 ἐννοουμένῳ,

208 1612 230 1663 ἢ
255 1617 333 1654 τῶν
360 1615 462 1665 ἐμῶν
489 1615 596 1655 ἕκατι
634 1614 798 1654 θύεσθαι
825 1613 961 1667 γάμων

207 1679 360 1731 μέλλει.
433 1681 473 1721 τί
496 1680 527 1720 δ’
555 1680 727 1732 Ἑλένης
755 1681 935 1736 παρθένῳ
963 1681 1009 1737 τῇ
1038 1681 1089 1738 σῇ
1113 1681 1230 1733 μέτα;

274 1749 342 1787 ’ίτω
369 1751 558 1800 στρατεία
587 1748 810 1789 διαλυθεῖσ’
840 1748 886 1799 ἐξ
910 1747 1091 1794 Αὐλίδος,
1384 1762 1446 1793 495

209 1814 258 1854 σὺ
284 1814 316 1853 δ’
343 1816 448 1866 ὄμμα
473 1818 623 1855 παῦσαι
657 1814 837 1868 δακρύοις
864 1814 1020 1868 τέγγων
1045 1814 1090 1855 τὸ
1118 1815 1204 1862 σόν,

208 1881 373 1934 ἀδελφέ,
401 1883 499 1933 κάμὲ
525 1885 773 1935 παρακαλῶν
800 1883 839 1924 ἐς
865 1880 1020 1934 δάκρυα.

209 1949 242 1988 εἶ
267 1947 309 1989 δέ
333 1966 369 1989 τι
396 1949 511 2001 κόρης
537 1951 611 2000 σῆς
650 1947 868 2003 θεσφάτων
894 1948 1056 2000 μέτεστι
1081 1950 1160 1998 σοί,

209 2015 257 2066 μὴ
284 2015 361 2067 ’μοὶ
385 2015 580 2067 μετέστω·
623 2017 689 2057 σοὶ
718 2016 821 2068 νέμω
850 2015 994 2067 τούμὸν
1018 2015 1147 2068 μέρος.

151 2120 214 2148 473
232 2109 406 2149 κατόμνυσ’
419 2111 578 2150 primitus
593 2111 619 2142 P
709 2111 774 2149 480
792 2110 1053 2149 eLuIKirchhoff:
1068 2109 1129 2159 εἶμι
1142 2109 1203 2140 LP
1291 2109 1351 2146 481
1368 2109 1442 2161 ἀπο-ν

107 2155 229 2185 κτεῖναι
246 2152 362 2186 τέκνον
383 2154 533 2193 Elmsley
554 2167 560 2185 :
589 2155 789 2186 ἀποκτείνειν
806 2153 903 2185 τέκνα
920 2153 1100 2184 Wecklem
1248 2153 1310 2191 487
1335 2153 1432 2190 ἥκιστ

109 2198 207 2237 ἐχρῆν
225 2197 290 2227 LP
397 2199 461 2238 489
486 2198 523 2238 ἦ]
542 2197 581 2235 ἦν
601 2198 664 2228 LP
765 2196 926 2238 πράγματ’
948 2197 1111 2235 Lenting:
1138 2195 1312 2238 πράγματα
1329 2197 1355 2227 δ’
1376 2195 1402 2225 L
1416 2194 1441 2225 P

107 2249 166 2278 491
193 2240 242 2281 μ’]
260 2255 312 2281 μοι
333 2252 500 2281 suprascr.
521 2248 541 2278 s>
648 2241 843 2281 ταλαιπόρου
861 2240 1016 2280 primitus
1035 2239 1060 2270 Ρ
1164 2250 1227 2279 492
1252 2241 1372 2277 ἐσῆλθε
1388 2239 1442 2269 hie

305 2285 481 2325 ἐννουμένῳ
501 2285 526 2315 Ρ
544 2296 550 2315 :
577 2284 781 2323 ἐννοούμενον
800 2283 975 2314 Markland
1110 2292 1173 2322 495
1198 2283 1335 2325 στρατιὰ
1354 2282 1379 2313 L
1393 2282 1441 2312 P:

109 2337 193 2359 corr.
216 2328 350 2359 Barnes
443 2331 614 2360 διαλυσεῖσ
632 2328 785 2367 primitus
805 2327 830 2357 L
844 2327 870 2357 P
959 2328 1024 2367 496
1048 2325 1175 2367 τέγκων
1192 2327 1218 2358 Ρ
1306 2326 1371 2366 498
1386 2335 1436 2365 sq.

109 2370 248 2411 μέτεστί
267 2385 317 2404 σοι
334 2372 377 2412 μή
394 2386 445 2411 μοι
466 2372 491 2401 L
506 2372 532 2401 P
