1658 2740
649 147 934 184 ΟΡΕΣΤΙΙΣ

225 253 259 292 εἰ
283 251 423 292 τᾶνδον
449 251 698 304 οἰκουρήμαθ’
725 255 759 293 οἱ
786 252 1038 303 λελειμμένοι

226 320 471 371 φθείρουσιν,
500 321 651 372 ἀνδρῶν
677 320 828 361 εὔνιδας
853 320 1101 370 λωβώμενοι.

225 386 287 426 καὶ
312 389 393 427 τοῖς
418 404 464 438 γε
489 391 678 440 χρηστοῖς
704 386 745 427 εὖ
769 385 903 438 λέγειν
929 387 1128 437 ἐφαίνετο.
1384 401 1449 431 930

289 453 436 494 κούδεὶς
463 453 515 494 ἔτ’
542 453 637 493 εἶπε.
710 456 780 495 σὸς
805 452 838 492 δ’
865 454 1013 503 ἐπῆλθε
1038 453 1246 505 σύγγονος,

224 519 335 570 ἔλεξε
361 520 409 559 δ’·
441 519 497 559 Ἷὶ
523 523 596 572 γῆν
622 519 778 573 Ἰνάχου
805 519 1046 570 κεκτημένοι,

220 583 359 638 [πάλαι
386 588 609 640 Πελασγοί,
639 586 832 627 Δαναΐδαι
858 584 1067 638 δεύτεροιῃ]

221 654 311 704 ὑμῖν
336 654 491 705 ἀμύνων
516 654 629 694 οὐδὲν
654 654 782 705 ἧσσον
807 650 830 703 ἢ
855 653 972 705 πατρὶ

222 721 374 760 ἔκτεινα
396 720 543 773 μητέρ’.
615 722 648 761 εἶ
675 722 747 773 γὰρ
773 719 952 773 ἀρσένων
978 721 1101 773 φόνος
1384 735 1446 765 935

222 787 336 827 ἔσται
360 787 538 839 γυναιξὶν
564 788 688 833 ὅσιος,
716 787 760 827 οὐ
785 787 967 840 φθάνοιτ’
993 787 1046 828 ἔτ’
1072 786 1119 827 ἂν

220 851 472 909 θνῄσκοντες,
502 850 525 904 ἢ
552 853 706 906 γυναιξὶ
732 854 932 894 δουλεύειν
957 854 1098 907 χρεών·

219 921 446 961 τούναντίον
470 922 511 961 δὲ
537 920 694 972 δράσετ’
719 918 741 970 ἢ
769 924 910 973 δρᾶσαι
936 921 1076 974 χρεών.

219 991 287 1027 νῦν
310 989 385 1038 μὲν
409 989 484 1039 γὰρ
509 987 531 1037 ἡ
559 990 759 1038 προδοῦσα
784 987 915 1038 λέκτρ’
942 989 1034 1038 ἐμοῦ
1058 986 1204 1039 πατρὸς

219 1053 419 1104 τέθνηκεν·
458 1055 490 1093 εἰ
514 1055 555 1093 δὲ
582 1053 627 1102 δὴ
654 1053 915 1094 κατακτενεῖτ’
941 1054 1020 1104 ἐμέ,
1384 1067 1446 1097 940

219 1120 239 1158 ὁ
263 1120 381 1171 νόμος
407 1120 568 1164 ἀνεῖται,
598 1119 665 1159 κού
690 1119 835 1170 φθάνοι
860 1118 1042 1175 θνῄσκων
1067 1137 1124 1162 τις
1149 1119 1209 1160 ἄν·

219 1186 269 1227 ὡς
292 1188 361 1237 τῆς
386 1203 431 1238 γε
456 1187 604 1236 τόλμης
630 1186 674 1226 οὐ
701 1185 844 1228 σπάνις
871 1185 1096 1237 γενήσεται.

285 1251 375 1293 ἀλλ’
400 1252 468 1292 οὐκ
493 1252 614 1293 ἔπειθ’
641 1254 793 1303 ὅμιλον,
822 1253 862 1293 εὖ
889 1255 1013 1293 δοκῶν
1037 1251 1184 1305 λέγειν.

218 1325 304 1374 νικᾷ
329 1318 362 1359 δ’
389 1320 537 1361 ἐκεῖνος
562 1320 582 1358 ὁ
609 1319 725 1361 κακὸς
751 1320 792 1360 ἐν
818 1318 960 1370 πλήθει
985 1319 1130 1371 λέγων,

215 1385 258 1427 ὃς
281 1385 475 1438 ἠγόρευσε
501 1386 700 1438 σύγγονον
728 1386 775 1426 σε’
800 1403 842 1426 τε·
868 1389 1033 1427 κτανεῖν.
1378 1399 1441 1431 945

214 1454 329 1504 μόλις
354 1453 386 1492 δ’
413 1453 550 1493 ἔπεισε
574 1453 626 1504 μὴ
653 1452 937 1504 πετρουμένους
962 1455 1095 1494 θανεῖν

215 1518 375 1570 τλήμων
399 1518 604 1572 Ὀρέστης·
642 1520 841 1573 αὐτόχειρι
867 1522 907 1561 δὲ
934 1525 1075 1577 σφαγῇ

215 1585 403 1639 ὑπέσχετ’
430 1587 471 1626 ἐν
495 1585 578 1643 τῇδ’
602 1586 727 1640 ἡμέρᾳ
752 1588 912 1639 λείψειν
938 1587 1030 1637 βίον

217 1653 292 1693 σὺν
317 1653 394 1693 σοί.
466 1653 621 1705 πορεύει
647 1653 680 1693 δ’
707 1653 825 1694 αὐτὸν
851 1652 1050 1703 ἐκκλήτων
1075 1652 1151 1694 ἄπο

220 1718 404 1769 Πυλάδης
429 1719 615 1771 δακρύων·
654 1719 727 1760 σὺν
753 1719 785 1759 δ’
811 1721 1050 1772 ὁμαρτοῦσιν
1074 1721 1188 1772 φίλοι
1374 1731 1438 1763 950

217 1787 434 1831 κλαίοντες,
463 1787 709 1838 οἰκτίροντες·
749 1786 906 1839 ἔρχεται
932 1785 975 1826 δέ
1000 1803 1065 1826 σοι

214 1852 353 1904 πικρὸν
377 1852 501 1903 θέαμα
527 1853 589 1892 καὶ
615 1853 816 1905 πρόσοψις
840 1853 972 1893 ἀθλία.

281 1918 374 1959 ἀλλ’
399 1918 596 1970 εὐτρέπιζε
621 1918 798 1971 φάσγαν’
823 1915 846 1968 ἢ
872 1920 1026 1972 βρόχον
1052 1919 1156 1976 δέρῃ·

218 1985 269 2027 ὡς
294 1989 354 2026 δεῖ
374 1989 504 2025 λιπεῖν
531 2003 578 2025 σε
604 1985 766 2038 φέγγος·
803 1985 825 2036 ἡ
853 1985 1028 2037 εὐγένεια
1053 1988 1093 2026 δὲ

158 2089 222 2117 929
247 2080 418 2119 φθεροῦσιν
433 2077 613 2107 Χλῖεςῌείη
717 2087 777 2117 931
805 2078 927 2109 κούδεὶς
944 2079 971 2109 δ’
987 2077 1018 2107 V
1108 2079 1227 2115 ἐπῆλθε
1245 2078 1277 2107 in
1296 2088 1410 2108 rasura
1429 2078 1441 2108 Ι

113 2131 177 2160 933
202 2121 288 2153 τινὲς
306 2124 336 2152 ἐς
352 2122 392 2152 τὸ
409 2120 531 2152 πάλαι
550 2120 714 2160 στίζουσιν
730 2125 754 2154 Σ
855 2122 1007 2153 Δαναΐδαι
1026 2120 1059 2153 δὲ
1078 2131 1186 2152 recc.:
1214 2123 1321 2153 δαναοὶ
1339 2121 1373 2152 δὲ
1393 2122 1437 2152 Ρ;

114 2176 143 2194 ν.
162 2175 179 2194 e
199 2169 222 2198 Σ
240 2164 347 2194 textui
365 2164 537 2194 inductum
557 2164 621 2195 dcl.
642 2164 823 2202 Musgrave
978 2167 1042 2204 936
1067 2165 1212 2205 φθάνοιτ’
1232 2165 1277 2196 ἔτ’
1296 2166 1333 2196 ἂν
1352 2164 1376 2193 L
1391 2165 1438 2195 P:

115 2207 268 2249 φθάνοιτέ
278 2207 306 2239 τ’
322 2209 360 2239 ἂν
373 2207 404 2237 Α
417 2207 443 2236 Β
457 2207 505 2239 V:
531 2207 682 2248 φθάνοιτε
695 2209 755 2239 τᾶν
769 2207 801 2237 Μ
891 2208 955 2247 938
980 2208 1112 2249 δράσατ’
1125 2208 1152 2238 L
1240 2218 1304 2247 940
1329 2207 1416 2239 δεῖν
1431 2219 1438 2237 :

114 2261 197 2282 corr.
223 2262 242 2281 v
350 2253 578 2282 κατακτενεΐτε
601 2250 642 2290 με’
665 2251 712 2282 V:
746 2251 981 2283 κατακτανεῖτέ
1003 2266 1041 2291 με
1067 2252 1159 2283 reug:
1194 2262 1279 2283 corr.
1308 2251 1436 2281 Porson

113 2305 172 2334 941
211 2297 227 2326 ὁ
259 2304 323 2325 om.
360 2294 386 2324 L
520 2294 628 2333 φθάνει
662 2294 690 2324 V
863 2305 928 2333 944
964 2295 1086 2335 λέγων]
1120 2298 1226 2335 χερῶν
1256 2295 1437 2325 Wecklein

113 2348 177 2377 945
213 2338 371 2379 ἠγόρευσε
401 2337 431 2368 V
450 2338 475 2367 L
493 2338 539 2367 P:
579 2337 714 2378 ἠγόρευε
744 2337 776 2367 Μ
797 2337 827 2368 Α
846 2338 872 2367 Β
1059 2340 1124 2377 946
1158 2338 1370 2379 πετρούμενος
1403 2338 1435 2368 Μ

112 2392 177 2420 953
210 2381 374 2422 εὐπρέπιζε
402 2381 457 2412 M:
486 2391 569 2411 corr.
600 2381 648 2410 M²
782 2391 845 2420 954
874 2384 986 2413 λυπεῖν
1010 2382 1034 2412 L
1125 2383 1164 2414 ὡς
1188 2384 1224 2413 οὔ
1247 2383 1276 2413 σ’
1294 2384 1369 2422 ὁρᾶν
1391 2385 1441 2413 δεῖ

114 2425 239 2466 φέγγος
256 2438 306 2465 γρ.
329 2430 351 2458 Σ
441 2424 590 2465 ηὑγένεια
608 2425 678 2454 fere
695 2425 791 2456 codd.
808 2437 814 2455 ε
841 2425 984 2465 εὐγένεια
1001 2425 1030 2455 V
