1658 2740
360 126 686 162 ΙψΙΓΕΝΕΙΛ
742 125 774 161 11
829 124 905 161 EN
958 123 1173 160 ΛΎΛΙΔΙ

105 233 177 281 Ηρ.
200 231 307 281 εἴπερ
334 228 520 281 ἀλγεινὸν
547 228 591 268 τὸ
616 228 764 269 τέκνων
790 228 1042 279 στερόμενον,
1071 228 1312 279 δακρυρρόει.
1368 234 1428 273 889

103 300 175 337 Κλ.
200 296 249 336 σὺ
275 298 315 338 δὲ
340 296 435 342 τάδ’,
458 294 488 335 ὦ
512 296 643 349 γέρον,
666 296 786 335 πόθεν
813 293 888 351 φῂς
915 294 1061 335 εἰδέναι
1088 294 1360 344 πεπυσμένος;

103 367 176 414 ΙἸρ.
200 362 340 403 δέλτον
365 361 524 418 ᾠχόμην
550 360 684 413 φέρων
709 378 774 401 σοι
800 361 895 412 πρὸς
920 363 968 400 τα
995 362 1086 412 πρὶν
1112 359 1378 413 γεγραμμένα.

105 433 176 470 Κλ.
198 429 264 469 οὐκ
292 431 367 469 ἐῶν
390 426 413 479 ἢ
439 428 685 481 ξυγκελεύων
712 427 816 468 παῖδ’
842 427 954 479 ἄγειν
980 425 1246 478 θανουμέιήν;

104 499 176 548 [lp.
199 495 249 546 μὴ
275 498 346 546 μὲν
373 495 440 536 οὖν
465 495 588 547 ἄγειν·
617 499 776 547 φρονῶν
797 496 870 547 γὰρ
897 494 1012 547 ἔτυχε
1041 494 1112 536 σὸς
1141 492 1256 536 πόσις
1278 492 1356 533 τότ’
1373 495 1425 535 εὖ.

103 565 176 603 Κλ.
201 562 297 617 κᾷτα
323 566 404 604 πῶς
429 560 562 614 φέρων
587 579 633 614 γε
662 560 803 603 δέλτον
829 561 895 601 οὐκ
923 562 1009 612 ἐμοὶ
1038 562 1153 602 δίδως
1178 565 1343 611 λ(η’3εῖν;

102 632 175 680 Πρ.
200 627 412 671 Μενέλεως
439 628 619 681 ἀφείλεθ’
646 629 759 679 ἡμᾶς,
787 627 829 670 ὃς
857 632 983 668 κακῶν
1011 628 1125 668 τῶνδ’
1153 629 1288 668 αἴτιος.
1366 634 1426 673 895

104 698 176 736 Κλ.
199 693 229 735 ὦ
253 694 391 736 τέκνον
418 698 614 753 Νηρῇδος,
646 694 675 735 [2]
701 700 774 735 παῖ
799 693 980 745 Πηλέως,
1011 695 1142 736 κλύεις
1168 694 1278 740 τάδε,-

101 765 175 816 Ax.
197 762 337 803 ἔκλυον
362 762 485 802 οὖσαν
511 763 653 802 ἀθλίαν
680 779 740 808 σε,
768 761 811 802 τὸ
838 762 870 801 δ’
899 761 993 813 ἐμὸν
1015 762 1059 801 οὐ
1085 761 1250 813 φαύλως
1275 758 1397 814 φέρω.

102 831 176 871 Κλ.
200 828 322 870 παῖδά
345 846 418 880 μου
448 833 727 870 κατακτενοῦσι
755 832 841 870 σοῖς
868 829 1123 870 δολώσαντες
1149 826 1299 880 γάμοις.

100 898 175 949 AX,
196 893 403 948 μέμφομαι
429 896 535 948 κάγὼ
562 894 679 936 πόσει
706 900 777 950 σῷ,
807 895 902 948 κούχ
929 897 1066 936 ἁπλῶς
1093 896 1190 935 οὕτω
1218 893 1339 946 φέρω.

101 965 176 1004 Κλ.
199 963 266 1003 οὐκ
293 961 636 1013 ἐπαιδεσθήσομαί
659 979 703 1014 γε
730 967 979 1014 προσπεσεῖν
1006 962 1050 1001 τὸ
1078 961 1151 1002 σὸν
1176 959 1283 1013 γόνυ,
1363 975 1425 1006 900

199 1028 341 1080 θνητὸς
366 1030 408 1069 ἐκ
434 1032 525 1071 θεᾶς
551 1033 719 1081 γεγῶτα·
758 1030 799 1069 τί
822 1031 896 1080 γὰρ
924 1030 1000 1081 ἐγὼ
1028 1028 1289 1079 σεμνύνομαι;

199 1092 222 1146 ἢ
249 1097 353 1137 τίνος
379 1094 658 1136 σπουδαστέον
682 1112 750 1145 μοι
774 1098 932 1145 μᾶλλον
958 1092 979 1145 ἢ
1007 1093 1144 1135 τέκνου
1170 1094 1277 1146 πέρι;

266 1161 358 1202 ἀλλ’
384 1161 543 1212 ἄμυνον,
571 1159 600 1200 ὦ
628 1164 718 1203 θεᾶς
745 1165 825 1207 παῖ,
855 1167 902 1218 τῇ
927 1161 962 1201 τ’
990 1163 1062 1218 ἐμῇ
1088 1160 1309 1214 δυσπραξίᾳ

194 1234 242 1285 τῇ
265 1245 306 1268 τε
331 1228 524 1283 λεχθείσῃ
550 1227 717 1279 δάμαρτι
745 1227 985 1284 σῇψ-μάτην
1010 1228 1095 1278 μέν,
1125 1227 1215 1268 ἀλλ’
1241 1229 1356 1278 ὅμως.

198 1295 264 1335 σοὶ
291 1293 567 1346 καταστέψασ’
599 1295 675 1346 ἐγώ
703 1311 764 1335 νιν
790 1293 888 1346 ἦγον
914 1295 965 1336 ὡς
989 1294 1255 1347 γαμουμένην,
1361 1307 1423 1338 905

199 1366 267 1402 νῦν
293 1360 326 1400 δ’
353 1362 416 1402 ἐπὶ
442 1362 604 1414 σφαγὰς
632 1362 787 1412 κομίζω·
830 1362 895 1402 σοὶ
921 1361 953 1401 δ’
981 1363 1129 1403 ὄνειδος
1152 1359 1288 1410 ἵξεται,

198 1429 310 1469 ὅστις
333 1428 401 1468 οὐκ
426 1427 587 1478 ἤμυνας·
627 1429 660 1468 εἰ
687 1429 762 1479 γὰρ
787 1427 838 1479 μὴ
868 1426 1058 1480 γάμοισιν
1085 1428 1235 1480 ἐζύγης,

198 1493 291 1535 ἀλλ’
317 1493 486 1545 ἐκλήθης
511 1498 605 1546 γοῦν
631 1496 821 1544 ταλαίνης
850 1494 1044 1547 παρθένου
1075 1496 1196 1547 φίλος
1221 1496 1350 1536 πόσις.

267 1564 363 1613 πρὸς
415 1560 617 1613 γενειάδος
655 1558 755 1613 (σε>,
798 1562 894 1613 πρός
935 1579 983 1602 σε
1032 1561 1174 1612 δεξιᾶς,
1214 1561 1310 1613 πρὸς
1350 1578 1419 1612 μη-

398 1626 568 1679 τέρος-

198 1696 322 1745 ὅνομα
373 1695 447 1746 γὰρ
499 1693 542 1734 τὸ
596 1695 669 1735 σόν
717 1694 756 1745 μ’
805 1694 995 1742 ἀπώλεσ’,
1047 1693 1076 1749 ᾧ
1127 1694 1166 1733 σ’
1215 1695 1425 1745 ἀμυναθεῖν

396 1761 585 1813 χρεών-
1361 1773 1424 1805 910

199 1828 267 1868 οὐκ
298 1827 377 1880 ἔχω
403 1827 542 1879 βωμὸν
570 1831 815 1880 καταφυγεῖν
843 1828 970 1868 ἄλλον
996 1825 1018 1878 ἢ
1046 1827 1090 1867 τὸ
1117 1827 1190 1868 σὸν
1215 1828 1322 1880 γόνυ·

197 1893 285 1934 οὐδὲ
307 1896 426 1947 φίλος
451 1894 576 1936 οὐδεὶς
603 1900 703 1949 γελᾷ
721 1911 800 1945 μοι·
830 1897 877 1934 τὰ
903 1894 934 1934 δ’
962 1894 1259 1947 Ἀγαμέμνονος
1281 1893 1422 1938 κλύεις,

199 1960 283 2011 ὠμὰ
309 1961 372 2001 καὶ
399 1960 604 2011 πάντολμ’·
644 1962 817 2013 ἀφῖγμαι
848 1961 894 2007 δ’,
924 1962 1058 2013 ὥσπερ
1085 1963 1254 2015 εἰσορᾷς,
1281 1960 1377 2012 γυνὴ

141 2052 206 2091 889
231 2053 434 2094 στερόμενον,
479 2052 659 2094 δακρυρρόει
702 2052 814 2083 Weil:
871 2053 1069 2094 στερομένην
1116 2055 1317 2094 δακρυρροεῖν
1359 2051 1384 2081 L
1400 2051 1425 2081 P

96 2096 162 2135 890
185 2095 386 2135 πεπυσμένος
405 2095 446 2125 L2
460 2095 517 2125 P2:
545 2095 733 2135 πεπυσμένοι
751 2097 777 2126 L
790 2095 816 2125 Ρ
904 2097 968 2134 895
993 2098 1026 2128 ὃς
1045 2100 1110 2127 τῶν
1128 2099 1233 2127 κακῶν
1252 2095 1277 2125 L
1290 2095 1337 2126 P:
1361 2098 1426 2126 τῶν

99 2138 162 2169 del.
185 2138 225 2169 L²
237 2137 276 2168 Ρ2
294 2138 362 2179 (vel
379 2139 392 2168 l
407 2137 463 2179 ΡΞ)
553 2140 616 2177 897
635 2137 688 2178 σε]
705 2152 745 2179 ’γε
758 2138 799 2169 Ρ2
887 2139 951 2178 899
969 2139 1035 2169 del.
1050 2139 1191 2178 Hennig
1280 2149 1344 2177 900
1362 2138 1424 2168 sor-

97 2186 185 2212 tasse
203 2184 280 2214 κούκ
411 2191 472 2219 901
498 2185 646 2222 γεγῶτος
662 2186 698 2211 ut
714 2182 781 2212 vid.
807 2181 846 2211 L2
986 2192 1049 2221 902
1074 2183 1093 2220 ἢ
1112 2182 1241 2212 Porson
1258 2193 1265 2212 τ
1291 2182 1341 2213 ἐπὶ
1361 2181 1387 2211 L
1400 2181 1426 2211 Ρ

96 2239 148 2264 μοι
167 2224 388 2257 σπουδαστέον
406 2224 432 2254 L
447 2224 494 2262 P;
520 2225 592 2255 trai.
613 2224 654 2254 L2
666 2224 706 2255 Ρ2
721 2225 772 2255 vel
790 2225 833 2264 lp
1021 2227 1086 2263 906
1104 2225 1206 2264 ’ἕζεται
1223 2225 1380 2264 primitus
1400 2224 1425 2254 Ρ

97 2279 160 2307 907
184 2268 245 2309 μὴ]
263 2270 298 2300 οὐ
317 2266 493 2298 Wecklein
657 2278 721 2307 909
744 2280 792 2306 σε,
811 2267 887 2310 πρός
906 2281 942 2299 σε
963 2268 1138 2299 Markland
1155 2280 1162 2299 :
1187 2270 1261 2310 πρὸς
1280 2271 1338 2306 σῆς
1359 2267 1384 2298 L
1400 2266 1425 2297 P

96 2313 174 2353 πρὸς
190 2311 325 2353 μητέρος
344 2311 370 2341 L
386 2322 393 2341 Ξ
410 2311 485 2353 πρός
501 2325 538 2343 τε
554 2310 690 2352 μητέρος
705 2311 744 2341 L²
760 2311 785 2341 P
873 2321 937 2351 910
955 2311 1122 2351 ἀμυνάθειν
1134 2311 1160 2342 L
1173 2311 1200 2343 P
1288 2322 1326 2351 91
1337 2321 1349 2341 1
1371 2312 1424 2343 ἄλ-

98 2362 157 2386 λον
175 2355 220 2386 L:
247 2354 320 2387 ἄλλ’
340 2354 366 2384 Ρ
454 2365 516 2393 912
540 2355 641 2397 γελᾷ]
659 2354 760 2387 πέλας
780 2355 956 2386 Markland
