1658 2740
646 98 988 136 ΕΥΡΙΠΙΔΟΥ

253 204 309 243 κεί
333 201 384 252 μὴ
412 203 486 254 γὰρ
514 201 626 253 εὐνῆς
650 201 786 254 ἥψατ’,
814 201 906 243 ἀλλ’
926 202 1011 256 ἔχει
1035 200 1170 255 λέχος.

250 269 363 310 οὗτος
388 270 429 308 δὲ
454 272 587 311 πῶλος
611 268 694 326 τῇδ’
720 268 924 320 ἀνειμένος
948 269 1064 309 πόλει

251 336 380 375 θανὼν
405 333 584 390 πατρῴαν
609 338 726 387 γαῖαν
752 335 968 376 ἐκσώσειεν
994 334 1053 375 ἄν.

249 401 386 454 πικρὸν
412 401 444 441 δ’
470 401 677 456 Ἀδράστῳ
704 402 850 443 νόστον
875 401 1100 454 Ἀργείοισί
1119 417 1163 441 τε

251 467 377 519 θήσει,
403 467 598 519 μέλαιναν
624 468 706 519 κῆρ’
734 468 794 509 ἐπ’
821 470 996 520 ὄμμασιν
1019 468 1174 519 βαλών,
1413 483 1478 515 950

252 534 408 577 κλεινάς
432 552 475 576 τε
501 534 659 587 Θήβας.
732 535 852 576 τοῖνδ’
879 538 971 576 ἑλοῦ
997 538 1104 576 δυοῖν
1130 535 1298 586 πότμοιν

249 601 317 642 τὸν
342 602 488 653 ἕτερον·
525 599 548 651 ἦ
574 603 648 653 γὰρ
674 605 794 642 παῖδα
820 606 957 657 σῷσον
982 599 1004 651 ἦ
1030 601 1162 641 πόλιν.

315 670 363 708 τὰ
387 670 459 719 μὲν
484 668 574 719 παρ’
600 669 710 718 ἡμῶν
736 667 850 709 πάντ’
878 669 995 721 ἔχεις·
1036 668 1145 719 ἡγοῦ,
1173 667 1324 714 τέκνον,

250 735 346 787 πρὸς
370 735 490 775 οἶκον.
561 735 672 776 ὅστις
698 735 730 774 δ’
757 735 913 788 ἐμπύρῳ
939 737 1082 787 χρῆται
1107 733 1241 789 τέχνῃ,

248 801 422 852 μάταιος·
461 798 508 850 ἣν
532 803 604 851 μὲν
631 802 754 853 ἐχθρὰ
780 800 959 851 σημήνας
984 801 1097 856 τύχῃ,
1415 813 1475 844 955

249 868 386 919 πικρὸς
411 867 626 920 καθέστηχ’
653 868 710 908 οῖς
736 867 783 907 ἂν
811 869 1074 923 οἰωνοσκοπῇ·

250 937 376 987 ψευδῆ
403 934 435 974 δ’
461 934 524 975 ὑπ’
550 936 681 975 οἴκτου
706 937 810 974 τοῖσι
836 933 1054 987 χρωμένοις
1078 933 1211 985 λέγων

249 1003 375 1042 ἀδικεῖ
396 1003 444 1041 τὰ
468 1005 546 1041 τῶν
572 1004 681 1041 θεῶν.
755 1004 911 1052 Φοῖβον
938 1001 1158 1053 ἀνθρώποις
1181 1002 1304 1052 μόνον

248 1071 350 1121 χρῆν
377 1070 621 1123 θεσπιῳδεῖν,
652 1067 694 1110 ὃς
720 1067 894 1109 δέδοικεν
921 1067 1074 1108 οὐδένα.

148 1139 220 1176 Xo.
250 1134 390 1187 Κρέον,
417 1136 457 1175 τί
481 1135 596 1188 σιγᾷς
621 1137 744 1187 γῆρυν
769 1134 979 1188 ἄφθογγον
1005 1133 1186 1188 σχάσας,·
1415 1138 1478 1180 960

249 1202 364 1253 κάμοὶ
389 1203 463 1254 γὰρ
489 1202 603 1242 οὐδὲν
627 1201 759 1252 ἧσσον
785 1201 974 1253 ἔκπληξις
999 1200 1118 1253 πάρα.

151 1271 220 1321 Κρ.
250 1270 292 1309 τί
313 1268 345 1309 δ’
371 1268 418 1309 ἄν
444 1285 502 1310 τις
529 1269 650 1315 εἵποι;
689 1271 811 1318 δῆλον
836 1269 876 1308 οἵ
898 1268 934 1321 γ’
962 1268 1047 1319 ἐμοὶ
1072 1269 1200 1320 λόγοι.

249 1336 327 1388 ἐγὼ
352 1336 427 1387 γὰρ
453 1334 584 1375 οὔποτ’
611 1336 650 1376 ἐς
674 1335 754 1375 τόδ’
781 1335 859 1386 εῗμι
885 1337 1107 1387 συμφορᾶς,

249 1403 353 1442 ὥστε
379 1402 587 1454 σφαγέντα
610 1405 730 1441 παῖδα
754 1405 986 1454 προσθεῖναι
1013 1402 1140 1442 πόλει.

251 1472 374 1509 πᾶσιν
399 1470 475 1520 γὰρ
499 1468 745 1520 ἀνθρώποισι
770 1469 1005 1520 φιλότεκνος
1030 1468 1133 1518 βίος,
1413 1470 1475 1511 965

249 1534 328 1575 οὐδ’
355 1534 402 1575 ἂν
427 1534 496 1575 τὸν
521 1536 639 1575 αὑτοῦ
663 1534 784 1576 παῖδά
808 1551 866 1578 τις
891 1535 975 1584 δοίη
1004 1537 1170 1575 κτανεῖν.

248 1600 299 1652 μή
326 1601 365 1652 μ’
391 1601 602 1654 εὐλογείτω
627 1601 731 1653 τάμά
757 1618 815 1644 τις
842 1602 1003 1642 κτείνων
1028 1600 1158 1641 τέκνα.

249 1667 362 1710 αὐτὸς
388 1667 523 1708 δ’-ἐν
548 1668 674 1723 ὡραίῳ
699 1670 774 1721 γὰρ
801 1668 972 1719 ἕσταμεν
998 1669 1148 1719 βίου-

250 1733 436 1792 θνῇσκειν
461 1735 614 1786 ἕτοιμος
639 1735 823 1788 πατρίδος
847 1734 1088 1787 ἐκλυτήριον.

315 1801 407 1842 ἀλλ’
433 1802 505 1847 εἶα,
531 1801 682 1848 τέκνον,
710 1802 800 1854 πρὶν
825 1803 964 1853 μαθεῖν
991 1804 1124 1842 πᾶσαν
1150 1802 1282 1848 πόλιν,
1412 1813 1475 1846 970

248 1867 440 1909 ἀκόλαστ’
466 1868 588 1910 ἐάσας
612 1867 791 1919 μάντεων
817 1869 1083 1920 θεσπίσματα,

248 1935 363 1987 φεῦγ’
389 1936 440 1977 ὡς
464 1934 638 1988 τάχιστα
662 1935 775 1986 τῆσδ’
801 1936 1076 1988 ἀπαλλαχθεὶς
1101 1936 1260 1989 χθονός·

248 2001 356 2053 λέξει
380 2004 455 2054 γὰρ
481 2003 620 2056 ἀρχαῖς
647 2004 708 2044 καὶ
735 2002 1027 2056 στρατηλάταις
1052 2002 1157 2049 τάδε,

191 2096 256 2133 946
280 2094 346 2126 del.
371 2094 583 2125 Valckenaer
698 2104 760 2135 951
785 2093 878 2127 τῶνδ’
895 2094 920 2125 Ρ
1039 2097 1136 2127 δοιοῖν
1156 2094 1188 2125 Μ
1312 2103 1375 2134 953
1399 2094 1475 2134 ἡμῖν

150 2138 175 2168 Ρ
192 2150 199 2168 :
225 2141 267 2170 ὧν
282 2137 374 2169 πάντ’
397 2138 431 2168 in
449 2148 566 2169 rasura
584 2138 596 2168 l
769 2140 920 2178 955—956
946 2140 1045 2179 ἐχθρὰ
1063 2162 1068 2168 .
1089 2163 1096 2169 .
1116 2162 1123 2169 .
1143 2138 1270 2179 πικρὸς]
1295 2140 1390 2177 πικρὰ
1406 2162 1413 2169 .
1434 2162 1441 2168 .
1463 2161 1470 2168 .

150 2182 260 2222 ἐχθρὸς
276 2181 489 2212 Valckenaer
599 2183 659 2221 961
686 2181 788 2220 ἧττον
805 2182 900 2212 codd.
1012 2183 1076 2221 963
1101 2195 1162 2220 ειμι
1181 2181 1213 2211 Μ
1234 2193 1240 2212 :
1267 2182 1328 2220 εἶμι
1346 2181 1375 2211 V
1392 2181 1472 2221 (sic)

148 2226 210 2262 964
235 2228 393 2265 προθεῖναι
412 2225 438 2255 Ρ
454 2230 487 2255 et
505 2226 650 2256 sortasse
668 2225 821 2264 primitus
840 2225 866 2255 B
886 2229 919 2255 et
937 2230 971 2255 ut
989 2235 1078 2255 nunc
1096 2229 1148 2255 est
1165 2225 1276 2255 littera
1294 2237 1315 2256 σ
1331 2225 1472 2254 evanida

151 2268 182 2298 M
281 2269 345 2306 966
369 2271 464 2300 αὐτοῦ
481 2269 575 2299 codd.
666 2269 714 2301 τίς
731 2268 763 2298 A
860 2269 927 2306 δοίη
944 2281 992 2300 τις
1011 2268 1037 2297 L
1135 2269 1199 2307 968
1222 2269 1355 2307 ἵσταμαι
1374 2267 1423 2297 Μ2
1438 2273 1472 2298 et

147 2324 198 2352 γρ.
219 2311 245 2340 Β
334 2312 407 2348 βίον
425 2312 551 2341 Reiske
570 2317 602 2342 et
620 2312 762 2342 sortasse
779 2316 802 2345 Σ
819 2323 825 2341 :
850 2313 910 2351 βίῳ
929 2311 1026 2341 codd.
1135 2313 1200 2349 969
1225 2310 1349 2349 ἕτοιμός
1367 2312 1426 2345 εἶμι
1446 2310 1471 2340 L

148 2365 212 2393 970
236 2357 342 2386 πᾶσαν
360 2365 421 2384 om.
441 2354 472 2383 M
495 2366 501 2383 z
526 2355 601 2385 add.
623 2355 671 2384 M2
804 2365 867 2393 972
893 2355 1094 2394 ἀπαλλ..,γεὶς
1112 2354 1179 2383 AL
1199 2359 1231 2383 et
1249 2354 1282 2383 in
1302 2363 1364 2383 ras.
1386 2352 1428 2382 Β2
