1658 2740
728 114 936 152 EAENII

270 217 347 268 ἐγὼ
371 220 443 268 μὲν
469 219 565 268 εἵην,
594 219 651 258 κεί
676 216 824 270 πέφυχ’
849 217 953 267 ὅμως
976 215 1126 268 λάτρις,

270 284 312 322 ἐν
337 287 441 323 τοῖσι
466 285 710 336 γενναίοισιν
734 282 995 335 ἠριθμημένος

268 350 458 396 δούλοισι,
487 350 643 401 τοῦνομ’
668 350 736 390 οὐκ
762 349 866 402 ἔχων
891 349 1114 400 ἐλεύθερον,
1431 362 1494 394 730

269 415 336 456 τὸν
362 420 452 457 νοῦν
477 416 532 457 δέ·
572 420 760 469 κρεῖσσον
786 418 860 468 γὰρ
884 415 965 455 τόδ’
991 412 1014 466 ἢ
1042 418 1148 456 δυοῖν
1175 419 1310 457 κακοῖν

270 482 322 522 ἕν’
347 485 443 523 ὄντα
467 485 653 536 χρῆσθαι,
681 485 750 524 τὰς
776 482 923 534 φρένας
948 481 980 522 τ’
1006 482 1114 535 ἔχειν
1141 484 1260 524 κακὰς

267 548 404 590 ἄλλων
427 549 460 589 τ’
487 550 643 591 ἀκούειν
669 553 810 590 δοῦλον
834 551 930 590 ὄντα
954 553 1031 589 τῶν
1057 548 1192 591 πέλας.

169 618 245 655 Me.
265 614 341 667 ἄγ’,
368 613 397 654 ὧ
424 615 568 667 γεραιέ,
595 617 730 656 πολλὰ
754 618 826 666 μὲν
851 614 940 667 παρ’
967 616 1118 656 ἀσπίδα

267 680 489 734 μοχθήματ’
515 682 742 733 ἐξέπλησας
769 684 945 723 ἐκπονῶν
970 682 1069 732 ἐμοί,
1431 694 1493 727 735

268 748 330 788 καὶ
356 752 422 788 νῦν
448 750 663 802 μετασχὼν
688 751 756 799 τῆς
782 751 877 800 ἐμῆς
902 747 1113 800 εὐπραξίας

267 814 456 867 ἄγγειλον
479 817 610 856 ἐλθὼν
633 820 715 857 τοῖς
741 815 1015 866 λελειμμένοις
1041 815 1177 867 φίλοις

266 880 350 921 τάδ’
376 881 426 923 ὡς
452 881 584 934 ἔχονθ’
610 883 778 933 ηὕρηκας
805 882 845 922 οἵ
865 881 898 923 τ’
925 883 1047 932 ἐσμὲν
1073 882 1206 935 τύχης,

266 947 400 998 μένειν
423 947 456 987 τ’
483 947 545 988 ἐπ’
572 949 707 990 ἀκταῖς
732 948 820 990 τούς
845 946 879 988 τ’
905 947 1019 998 ἐμοὺς
1045 950 1274 1000 καραδοκεῖν

267 1014 422 1065 ἀγῶνας
447 1014 483 1054 οἳ
507 1013 676 1064 μένουσί
696 1014 747 1064 μ’,
777 1014 827 1056 ὡς
852 1014 1074 1063 ἐλπίζομεν,
1427 1026 1490 1058 740

270 1081 326 1119 κεί
350 1079 465 1130 τήνδε
491 1096 572 1121 πως
598 1079 794 1131 δυναίμεθ’
821 1079 1017 1131 ἐκκλέψαι
1041 1079 1199 1132 χθονός,

269 1138 453 1198 φρουρεῖν
478 1147 584 1188 ὅπως
610 1146 657 1187 ἂν
683 1147 738 1188 εἷς
764 1146 804 1186 ἓν
830 1146 1013 1187 ἐλθόντες
1036 1146 1159 1199 τύχης

268 1212 310 1251 ἐκ
336 1211 556 1264 βαρβάρων
583 1215 787 1263 σωθῶμεν,
813 1209 861 1262 ἢν
887 1212 1101 1263 δυνώμεθα.

170 1281 242 1330 Αγ.
269 1277 382 1318 ἔσται
407 1278 503 1325 τάδ’,
531 1277 649 1330 ὦναξ.
709 1278 815 1319 ἀλλά
839 1295 900 1319 τοι
924 1279 972 1318 τὰ
996 1277 1174 1329 μάντεων

268 1345 426 1386 ἐσεῖδον
448 1345 500 1387 ὡς
527 1345 646 1397 φαῦλ’
673 1345 760 1386 ἐστὶ
787 1345 848 1385 καὶ
872 1348 1030 1397 ψευδῶν
1055 1344 1172 1385 πλέα.
1428 1357 1491 1388 745

270 1410 349 1451 οὐδ’
375 1410 423 1462 ἦν
448 1410 506 1463 ἄρ’
530 1413 637 1464 ὑγιὲς
661 1412 775 1452 οὐδὲν
800 1411 971 1463 ἐμπύρου
997 1411 1152 1464 φλογὸς

269 1477 357 1518 οὐδὲ
383 1481 591 1530 πτερωτῶν
619 1477 827 1531 φθέγματ’·
865 1478 1000 1528 εὔηθες
1024 1477 1068 1518 δέ
1091 1494 1153 1518 τοι

268 1543 313 1584 τὸ
339 1543 401 1584 καὶ
425 1547 554 1585 δοκεῖν
579 1546 736 1597 ὄρνιθας
761 1544 934 1597 ὠφελεῖν
959 1544 1142 1597 βροτούς.

270 1610 436 1663 Κάλχας
461 1613 537 1663 γὰρ
563 1610 631 1651 οὐκ
657 1611 733 1652 εἶπ’
759 1611 840 1651 οὐδ’
865 1610 1041 1662 ἐσήμηνε
1067 1615 1222 1665 στρατῷ

269 1675 443 1729 νεφέλης
468 1675 814 1734 ὑπερθνῄσκοντας
839 1678 1003 1729 εἰσορῶν
1029 1678 1173 1729 φίλους
1339 1684 1341 1687 '
1427 1687 1491 1720 '750

271 1742 351 1782 οὐδ’
370 1741 553 1790 ”Ελενος,
579 1744 685 1784 ἀλλὰ
711 1744 827 1785 πόλις
851 1742 1086 1795 ἀνηρπάσθη
1111 1741 1251 1793 μάτην.

271 1809 394 1851 εἴποις
417 1808 478 1849 ἄν·
514 1809 662 1864 Οὕνεχ’
688 1811 708 1849 ὁ
733 1809 821 1853 θεὸς
847 1810 915 1850 οὐκ
939 1809 1156 1860 ἠβούλετο;

269 1875 311 1914 τί
332 1876 428 1924 δῆτα
451 1876 739 1926 μαντευόμεθα;
777 1879 858 1917 τοῖς
883 1877 1012 1916 θεοῖσι
1035 1875 1112 1927 χρὴ

271 1940 433 1982 θύοντας
459 1942 581 1982 αἰτεῖν
608 1940 750 1993 ἀγαθά,
777 1942 962 1991 μαντείας
987 1940 1019 1980 δ’
1045 1942 1128 1981 ἐᾶν·

212 2033 274 2071 728
300 2034 347 2064 κεί
375 2032 552 2072 Musgrave
568 2044 575 2063 t
607 2033 658 2065 καὶ
688 2032 714 2063 L
726 2031 773 2063 P:
806 2033 834 2064 εἷ
861 2031 953 2062 Stob.
983 2032 1012 2062 ss.
1037 2033 1088 2061 62.
1117 2040 1136 2060 2
1270 2039 1329 2068 731
1357 2031 1442 2061 δυοῖν
1458 2029 1489 2060 l:

167 2077 252 2107 δυεῖν
271 2075 335 2106 LP
467 2085 528 2115 732
553 2076 595 2107 ἕν’
619 2077 653 2106 l:
679 2075 712 2107 ἓν
737 2074 801 2105 LP
935 2083 990 2112 734
1021 2073 1087 2114 ἄγ’]
1115 2074 1190 2104 ἀλλ’
1209 2078 1233 2112 p
1366 2082 1427 2111 735
1454 2075 1489 2104 ἐκ

168 2118 273 2151 πόνων
289 2121 372 2158 ἐμῶν
389 2119 415 2148 L
428 2118 453 2148 P
470 2130 477 2149 :
501 2129 582 2150 corr.
604 2119 736 2149 Barnes
869 2117 931 2155 738
957 2116 1062 2157 ἔχονθ’
1081 2116 1275 2155 Stephanus
1290 2127 1296 2146 :
1321 2115 1407 2156 ἔχων
1425 2115 1450 2145 L
1463 2115 1489 2145 P

168 2163 299 2202 εὕρηκας
326 2161 395 2191 LP
491 2161 542 2202 οἳ]
571 2161 606 2194 οὗ
631 2162 803 2201 Tyrwhitt
910 2170 973 2199 740
1003 2159 1136 2198 μένουσί
1159 2159 1191 2198 μ’
1217 2160 1256 2190 ὡς
1282 2158 1488 2197 Musgrave:

166 2203 317 2244 μένουσιν
333 2205 384 2237 οὓς
403 2205 428 2234 L
446 2215 452 2234 :
476 2205 652 2243 μέλλουσιν
668 2206 718 2237 οὓς
733 2205 760 2235 Ρ
849 2213 906 2241 741
935 2204 985 2235 κεῖ
999 2203 1096 2240 τήνδε
1112 2215 1176 2234 πως
1194 2202 1300 2232 LudV.
1321 2201 1487 2231 Dindorf:

167 2249 217 2279 καὶ
235 2247 332 2286 τήνδε
351 2251 414 2280 πῶς
432 2247 458 2278 L
474 2247 500 2278 P
590 2248 779 2288 ἐκκλέψαιρ
795 2258 802 2277 2
829 2245 979 2287 ἐκπλέξαι
1006 2245 1032 2276 L
1045 2245 1071 2275 P
1194 2254 1256 2284 745
1283 2246 1410 2276 ἐσεῖδον
1434 2244 1487 2274 hic

169 2290 195 2320 L
210 2290 236 2320 P
345 2301 406 2330 747
431 2290 501 2323 οὐδὲ
528 2291 724 2322 Kirchhofl‘:
749 2292 821 2322 οὔτε
847 2289 913 2319 LP
1019 2298 1077 2328 751
1106 2287 1168 2320 οὐδ’
1179 2287 1314 2320 Ἕλενος
1333 2287 1462 2318 Porson
1481 2298 1487 2317 :

167 2333 258 2365 οὐδέν
273 2346 313 2374 γε
330 2333 357 2363 L
375 2345 382 2364 ε
405 2335 495 2366 οὐδέν
510 2334 542 2376 7'
560 2334 586 2365 P
729 2343 791 2373 752
810 2335 891 2365 εἴποι
911 2332 936 2362 Ρ
1043 2342 1072 2363 ν.
1093 2332 1157 2364 del.
1171 2331 1280 2362 Cobet
1426 2340 1487 2370 753

167 2377 408 2417 μαντευόμεσθα
425 2377 452 2408 L
463 2377 490 2408 P
