1658 2740
682 135 1027 173 ΕΎΡΙΠΙΔΟΎ

293 238 421 286 θῶμεν
446 238 578 276 θεοῖσί
599 236 631 275 τ’
657 237 844 289 ἀκροθίνι’
870 236 1022 294 ἐξέλῃς,
1447 252 1513 284 470

292 300 362 351 ξὺν
387 302 453 342 σοὶ
479 303 709 354 στρατεύειν
734 305 808 356 γῆν
834 303 894 344 ἐπ’
920 303 1112 356 Ἀργείων
1135 303 1240 344 θέλω

295 367 356 407 καὶ
380 371 515 409 πᾶσαν
541 370 667 409 ἐλθὼν
692 369 856 410 Ἑλλάδ’
883 370 1073 422 ἐκπέρσαι
1098 371 1194 422 δορί,

294 433 345 475 ὡς
368 433 416 475 ἂν
439 434 621 486 μάθωσιν
645 438 687 476 ἐν
711 436 821 488 μέρει
845 436 1017 491 πάσχειν
1042 440 1179 478 κακῶς.

197 503 264 540 Εκ.
296 501 329 541 εἷ
353 504 421 541 τοῦ
446 502 639 554 παρόντος
664 503 766 542 τοῦδ’
792 503 1067 557 ἀπαλλαχθεὶς
1092 507 1210 543 κακοῦ

293 567 412 608 πόλιν
437 569 624 619 νεμοίμην
651 569 701 610 ὡς
725 572 768 609 τὸ
794 570 883 621 πρίν
908 569 995 610 ποτ’
1020 570 1202 622 ἀσφαλῆ,
1450 581 1512 613 475

294 632 317 683 ἦ
343 633 462 686 κάρτα
487 635 645 685 πολλὴν
672 638 774 677 θεοῖς
799 635 847 676 ἂν
872 637 1015 687 εἰδείην
1040 635 1170 690 χάριν.
1430 642 1432 644 ’

293 702 342 740 τὰ
366 699 398 740 δ’
425 701 529 752 ἀμφί
550 701 583 740 τ’
601 701 752 753 ’Άργος
779 701 840 742 καὶ
866 705 986 753 νομὸν
1010 706 1077 742 τόν
1100 701 1298 742 Ἑλλάδος

295 767 369 820 οὐχ
392 767 467 807 ὧδε
492 770 654 819 πορθεῖν
678 766 789 822 ῥᾴδι’,
816 768 867 810 ὡς
891 768 1035 820 λέγεις,
1062 769 1157 820 δορί.

196 837 261 884 Ρη.
293 833 337 874 οὐ
361 833 492 873 τούσδ’
518 833 704 886 ἀριστέας
731 835 858 887 φασὶν
881 833 1092 885 Ἑλλήνων
1115 838 1273 885 μολεῖν;

197 903 263 940 Ex.
297 899 363 940 κού
386 900 656 952 μεμφόμεσθά
681 900 730 953 γ’,
757 901 849 942 ἀλλ’
875 901 972 952 ἄδην
998 901 1225 952 ἐλαύνομεν.
1453 906 1514 944 480

197 970 260 1017 Ρη.
295 966 363 1007 οὐκ
387 966 454 1007 οὖν
481 968 688 1009 κτανόντες
712 968 853 1009 τούσδε
879 970 957 1008 πᾶν
983 967 1242 1020 εἶργάσμεθα;

196 1036 264 1073 Ex.
294 1032 346 1084 μή
372 1050 441 1074 νυν
465 1035 513 1073 τὰ
540 1035 671 1087 πόρρω
698 1034 893 1087 τάγγύθεν
918 1034 1049 1085 μεθεὶς
1075 1035 1227 1075 σκόπει.

197 1103 259 1149 Ρη.
294 1101 426 1151 ἀρκεῖν
451 1099 554 1141 ἔοικέ
581 1118 647 1141 σοι
671 1103 824 1147 παθεῖν,
852 1103 994 1153 δρᾶσαι
1019 1102 1061 1141 δὲ
1084 1100 1150 1152 μή.

194 1169 263 1205 Ex.
295 1168 448 1216 πολλῆς
473 1168 549 1219 γὰρ
575 1167 683 1219 ἄρχω
710 1166 869 1207 κάνθάδ’
896 1166 948 1208 ὣν
973 1167 1212 1219 τυραννίδος.

359 1232 449 1272 ἀλλ’
474 1234 551 1273 εἴτε
577 1233 692 1273 λαιὸν
718 1235 795 1274 εἴτε
822 1233 948 1284 δεξιὸν
975 1232 1086 1285 κέρας
1453 1238 1514 1276 485

292 1298 360 1338 εἴτ’
387 1300 429 1339 ἐν
452 1298 616 1350 μέσοισι
642 1298 866 1353 συμμάχοις
890 1299 1063 1351 πάρεστί
1087 1317 1153 1339 σοι

292 1364 442 1415 πέλτην
467 1367 619 1417 ἐρεῖσαι
646 1366 708 1406 καὶ
733 1368 982 1416 καταστῆσαι
1007 1367 1190 1417 στρατόν.

196 1434 258 1480 Ρη.
294 1432 412 1481 μόνος
436 1431 639 1485 μάχεσθαι
665 1434 882 1483 πολεμίοις,
902 1431 1064 1484 ‘'Exrop,
1092 1431 1207 1472 θέλω.

293 1499 326 1538 εἰ
351 1497 383 1538 δ’
409 1500 578 1551 αἰσχρὸν
603 1499 681 1555 ἡγῇ
705 1499 758 1549 μὴ
785 1501 1060 1550 συνεμπρῆσαι
1085 1502 1184 1539 νεῶν

293 1565 480 1616 πρύμνας,
508 1564 688 1614 πονήσας
714 1564 781 1605 τὸν
806 1564 928 1616 πάρος
954 1564 1080 1605 πολὺν
1104 1565 1263 1617 χρόνον,
1452 1576 1515 1606 490

291 1630 411 1680 τάξον
435 1630 474 1681 μ’
500 1629 723 1684 Ἀχιλλέως
751 1631 813 1671 καὶ
839 1634 1009 1683 στρατοῦ
1035 1632 1132 1671 κατὰ
1157 1631 1298 1682 στόμα.

196 1701 262 1737 Ex.
294 1697 362 1737 οὐκ
387 1696 471 1737 ἔστ’
499 1697 634 1752 ἐκείνῳ
661 1700 801 1749 θοῦρον
827 1696 986 1747 ἐντάξαι
1011 1698 1114 1750 δόρυ.

197 1768 258 1814 Ρη.
297 1765 359 1804 καὶ
383 1763 460 1814 μὴν
484 1764 606 1816 λόγος
632 1763 669 1816 γ’
695 1763 742 1814 ἦν
769 1763 820 1806 ὡς
846 1763 1008 1805 ἔπλευσ’
1034 1763 1094 1804 ἐπ’
1114 1763 1256 1804 Ἴλιον.

193 1834 262 1870 Ex.
294 1829 466 1871 ἔπλευσε
492 1830 556 1870 καὶ
581 1829 788 1883 πάρεστιν·
826 1831 932 1872 ἀλλὰ
956 1832 1105 1882 μηνίων

293 1896 633 1948 στρατηλάταισιν
658 1897 702 1937 οὐ
729 1899 953 1950 συναίρεται
979 1897 1082 1949 δόρυ.
1453 1907 1516 1939 495

193 1967 258 2014 Ρη.
292 1965 350 2005 τίς
376 1963 421 2014 δῖ]
446 1963 531 2014 μετ’
558 1963 676 2004 αὐτὸν
702 1964 827 2005 ἄλλος
854 1962 1005 2014 εὐδοξεῖ
1029 1967 1218 2015 στρατοῦ,·

234 2066 293 2095 471
329 2056 388 2087 σὺν
411 2055 483 2086 VO
575 2056 704 2097 ἀργείαν
731 2056 756 2086 L
771 2056 796 2085 P
927 2057 991 2094 476
1021 2056 1150 2092 πολλὴν
1173 2054 1262 2084 VO:
1292 2055 1426 2085 πολλοῖς
1452 2052 1519 2083 LP

193 2109 254 2138 479
278 2098 351 2130 τούς
376 2099 409 2139 γ’
438 2099 463 2128 L
488 2103 522 2129 et
546 2099 621 2130 sine
647 2099 749 2129 dubio
776 2099 819 2128 P:
854 2098 963 2130 τούσδ’
989 2097 1029 2128 Ρ2
1118 2098 1264 2139 ἀρίστους
1288 2097 1396 2126 Cobet
1417 2101 1450 2126 et
1471 2096 1519 2126 sic

191 2142 300 2173 reddit
324 2146 348 2176 Σ
499 2143 564 2180 480
597 2143 682 2174 ἀλλὰ
707 2143 765 2181 δὴν
789 2141 856 2172 LP
960 2141 1131 2180 ἐλαύνομαι
1157 2140 1333 2178 Hartung:
1367 2139 1426 2170 sed
1450 2140 1516 2170 vid.

192 2200 204 2217 ε
237 2196 300 2224 290
335 2196 409 2216 cum
449 2185 562 2217 Schol.
599 2185 734 2225 BPQ:
777 2184 953 2224 ἐλαύνομεν
988 2184 1088 2215 etiam
1124 2188 1148 2218 Σ
1323 2183 1383 2221 481
1423 2183 1517 2214 πάντ’

191 2229 371 2270 εἶργάσμεθ’
399 2231 438 2261 ἃν
462 2230 488 2260 L
508 2229 551 2260 P:
585 2230 692 2262 πάντα
715 2229 986 2271 διαπεπραξόμεθα
1011 2228 1121 2258 reddit
1144 2232 1169 2260 Σ
1302 2228 1364 2264 482
1396 2227 1439 2265 μὴ
1465 2228 1520 2257 νῦν

190 2273 287 2302 codd.
393 2273 500 2314 πόρσω
521 2273 671 2303 Dindorf
811 2273 875 2310 488
900 2277 951 2309 Ρη.
971 2276 1084 2302 notam
1102 2281 1164 2301 om.
1184 2270 1212 2300 L
1359 2279 1418 2307 491
1447 2270 1518 2308 ἄχι-

191 2316 270 2347 λέως
294 2317 324 2345 V
443 2327 507 2355 492
534 2318 666 2356 ἀντᾶραι
686 2316 813 2346 Reiske
935 2325 997 2353 494
1023 2315 1141 2353 μηνίων
1161 2312 1347 2353 penultima
1364 2316 1517 2351 correpta

191 2359 288 2388 etiam
306 2364 347 2392 2:
375 2360 415 2389 cf.
437 2360 554 2399 Suppl.
578 2369 655 2389 1101
790 2360 855 2397 496
878 2359 926 2391 τίς
943 2359 977 2390 δὲ
993 2358 1022 2388 V
