1658 2740
720 141 931 179 EAENH

265 247 391 294 κτεῖν’,
421 249 453 288 εἰ
479 251 586 289 δοκεῖ
610 265 688 288 σοι·
726 250 920 288 δυσκλεᾶς
945 247 1020 298 γὰρ
1045 247 1089 286 οὐ
1116 250 1275 288 κτενεῖς·

263 315 419 364 μᾶλλόν
445 332 489 366 γε
514 314 648 366 μέντοι
672 318 753 356 τοῖς
780 315 887 365 ἐμοῖς
912 314 1049 354 πείθου
1072 315 1221 365 λόγοις,

264 380 312 420 ἵν’
336 380 381 436 ᾗς
406 383 534 421 δικαία
560 381 622 421 καὶ
646 380 808 432 δάμαρτ’
837 381 912 433 ἐγὼ
938 379 1068 431 λάβω.
1429 394 1490 423 993

166 449 236 486 Xo.
267 448 308 487 ἐν
334 448 398 487 σοὶ
422 447 654 499 βραβεύειν,
680 446 710 487 ὦ
737 450 859 494 νεᾶνι,
884 446 974 488 τοὺς
998 447 1156 499 λόγους·

265 514 364 553 οὕτω
389 517 430 554 δὲ
456 518 599 566 κρῖνον,
628 514 678 556 ὡς
702 513 853 554 ἄπεισιν
879 513 1058 569 ἁνδάνῃς.

166 581 238 621 Θὲ.
266 581 342 632 ἐγὼ
369 579 525 632 πέφυκά
550 580 583 620 τ’
611 580 796 632 εὐσεβεῖν
823 581 884 621 καὶ
908 581 1118 631 βούλομαι,

265 651 370 698 φιλῶ
396 646 428 686 τ’
453 646 635 698 ἐμαυτήν,
665 647 726 688 καὶ
754 647 868 689 κλέος
892 647 1037 698 τούμοῦ
1063 647 1208 699 πατρὸς

265 714 330 753 οὐκ
356 712 405 753 ἂν
428 713 617 765 μιάναιμ’,
645 714 732 755 οὐδὲ
759 714 942 768 συγγόνῳ
968 713 1083 766 χάριν
1412 726 1495 747 1000

265 782 374 831 δοίην
397 780 445 821 ἂν
470 780 516 831 ἐξ
538 781 582 831 ἧς
607 781 801 831 δυσκλεὴς
827 780 1069 834 φανήσομαι.

265 847 397 887 ἔνεστι
423 847 455 887 δ’
483 847 585 900 ἱερὸν
611 850 679 898 τῆς
704 850 812 898 δίκης
838 847 923 899 ἐμοὶ
946 847 1048 899 μέγα

265 915 306 954 ἐν
331 920 378 970 τῇ
403 915 536 967 φύσει·
575 915 636 955 καὶ
662 919 774 955 τοῦτο
800 913 964 967 Νηρέως
989 914 1093 966 πάρα

264 980 416 1033 ἔχουσα
442 979 579 1035 σῴζειν
606 981 821 1021 Μενέλεων
846 980 1098 1032 πειράσομαι.

256 1045 368 1101 ‘'Hpq,
392 1047 423 1086 δ’
450 1049 608 1099 ἐπείπερ
632 1048 828 1098 βούλεταί
850 1046 889 1085 σ’
917 1047 1146 1098 εὐεργετεῖν,
1414 1059 1495 1088 1005

264 1114 305 1156 ἐς
329 1113 470 1154 ταύτὸν
495 1115 593 1154 οἴσω
619 1116 775 1165 ψῆφον·
812 1114 834 1164 ἡ
862 1112 986 1164 Χάρις
1011 1112 1042 1152 δ’
1069 1114 1169 1163 ἐμοί,

263 1180 380 1221 ἵλεως
404 1182 476 1230 μὲν
501 1181 572 1230 ε’ίη,
598 1179 831 1231 ξυμβέβηκε
856 1179 888 1219 δ’
914 1179 1094 1230 οὐδαμοῦ·

264 1246 503 1299 πειράσομαι
528 1249 569 1287 δὲ
594 1245 788 1298 παρθένος
811 1246 943 1298 μένειν
967 1246 1041 1287 ἀεί.

267 1314 291 1354 ἃ
316 1312 348 1353 δ’
374 1314 477 1366 ἀμφὶ
502 1313 640 1368 τύμβῳ
667 1312 756 1368 τῷδ’
783 1314 982 1363 ὀνειδίζεις
1006 1314 1136 1365 πατρί,

262 1380 356 1431 ἡμῖν
381 1379 437 1420 ὅδ’
462 1379 578 1423 αὐτὸς
602 1383 735 1432 μῦθος.
807 1381 1034 1432 ἀδικοίημεν
1059 1379 1120 1426 ἄν,
1411 1392 1493 1413 1010

266 1448 299 1487 εἰ
323 1446 375 1497 μὴ
401 1447 610 1488 ἀποδώσω·
649 1447 712 1488 καὶ
737 1448 813 1500 γὰρ
837 1446 885 1487 ἂν
910 1450 1035 1490 κεῖνος
1061 1446 1228 1498 βλέπων

264 1512 465 1555 ἀπέδωκεν
489 1513 538 1554 ἂν
563 1513 629 1554 σοὶ
653 1512 760 1564 τήνδ’
786 1513 906 1567 ἔχειν,
933 1514 1052 1570 ταύτῃ
1079 1515 1120 1554 δὲ
1148 1512 1209 1553 σέ.

331 1581 392 1621 καὶ
417 1582 492 1633 γὰρ
517 1582 621 1623 τίσις
645 1580 759 1621 τῶνδ’
787 1581 873 1621 ἐστὶ
896 1584 978 1622 τοῖς
1002 1598 1044 1622 τε
1069 1579 1262 1632 νερτέροις

265 1648 327 1688 καὶ
352 1650 434 1689 τοῖς
459 1646 610 1688 ἄνωθεν
637 1650 761 1688 πᾶσιν
787 1648 1020 1699 ἀνθρώποις·
1058 1648 1078 1686 ὁ
1104 1650 1192 1687 νοῦς

265 1717 341 1753 τῶν
367 1714 639 1754 κατθανόντων
667 1714 710 1771 ζῇ
733 1716 805 1765 μὲν
831 1714 887 1760 οὔ,
916 1714 1074 1766 γνώμην
1100 1713 1134 1753 δ’
1161 1712 1245 1765 ἔχει
1412 1724 1492 1753 1015

265 1779 460 1820 ἀθάνατον
487 1781 542 1822 εἷς
569 1780 765 1821 ἀθάνατον
790 1779 912 1832 αἰθέρ’
938 1781 1137 1831 ἐμπεσών.

332 1846 383 1888 ὡς
407 1847 473 1887 οὖν
498 1851 674 1899 παραινῶ
701 1847 753 1898 μὴ
778 1846 942 1899 μακράν,
972 1845 1190 1898 σιγήσομαι

265 1912 289 1953 ἆ
313 1930 387 1964 μου
413 1913 718 1960 καθικετεύσατ’,
745 1913 833 1954 οὐδὲ
856 1915 983 1967 μωρίᾳ

264 1978 490 2031 ξύμβουλος
516 1980 659 2031 ἔσομαι
682 1986 730 2037 τῇ
758 1978 997 2032 κασιγνήτου
1023 1977 1129 2019 ποτέ.

265 2046 453 2098 εὐεργετῶ
479 2048 554 2099 γὰρ
580 2050 708 2087 κεῖνον
732 2046 776 2086 οὐ
801 2046 957 2086 δοκοῧσ’
982 2046 1099 2095 ὅμως,
1409 2055 1491 2077 10²0

207 2149 271 2178 993
295 2140 455 2172 δυσκλεᾶς
471 2137 699 2169 Wilamowitz
715 2150 720 2168 :
747 2140 910 2170 δυσκλεῶς
930 2137 956 2167 L
970 2137 995 2167 P
1012 2148 1018 2166 τ
1043 2138 1185 2169 δυσκλεᾶ
1202 2134 1331 2165 BarneS
1429 2143 1494 2172 994

165 2185 255 2214 πιθοῦ
272 2182 419 2212 Dindorf
560 2192 622 2220 997
647 2184 752 2221 κρῖνον
771 2182 796 2211 L
810 2180 849 2210 Ρ2
865 2191 872 2210 :
897 2181 1013 2222 κρίνειν
1031 2180 1057 2210 Ρ
1160 2197 1163 2198 ⁷
1206 2188 1284 2209 1001
1313 2177 1494 2218 φανήσεται

166 2225 317 2255 Badharn
462 2235 544 2255 1002
570 2225 634 2262 ἱρὸν
652 2225 678 2254 Ρ
822 2234 904 2262 1004
928 2222 1086 2262 μενέλεως
1107 2223 1131 2252 L
1145 2222 1193 2252 P:
1228 2231 1313 2252 corr.
1336 2220 1493 2250 Brodeau

167 2278 248 2307 1005
277 2268 360 2310 ‘'Hpa
392 2268 459 2298 LP
652 2269 734 2297 1006
765 2268 784 2306 ἡ
811 2268 926 2308 Κύπρις
959 2267 1086 2296 Canter
1245 2265 1281 2296 δέ
1310 2277 1362 2304 μοι
1394 2264 1493 2302 vulgo

168 2322 248 2351 1007
274 2311 462 2351 συμβέβηκε
492 2311 580 2342 LP:
619 2310 809 2351 ξυμβέβηκα
834 2310 1049 2341 Herwerden
1200 2318 1284 2339 1010
1308 2308 1400 2340 αὐτὸς
1428 2306 1494 2337 LP

166 2355 308 2393 ἀδικοίην
321 2368 369 2387 νιν
379 2356 416 2387 ἂν
431 2354 562 2385 Porson
651 2364 732 2384 1012
749 2354 839 2393 τήνδ’
852 2353 980 2385 Reiske
996 2365 1003 2384 z
1019 2354 1080 2392 τήν
1095 2351 1129 2394 γ’
1141 2352 1167 2383 L
1181 2351 1207 2382 P
1292 2361 1374 2389 1013
1392 2351 1494 2383 τίσεις

168 2397 212 2430 P:
240 2408 324 2430 corr.
347 2403 371 2438 p
529 2408 608 2436 1017
645 2397 780 2439 περαίνω
807 2397 1001 2437 Stephanus
1155 2406 1238 2435 1019
1264 2397 1303 2437 τῇ
1334 2395 1493 2425 Dobree:

165 2445 222 2474 τοῦ
241 2442 304 2472 LP
