1622 2740
597 106 941 144 ΕΥΡΙΠΙΔΟΥ

203 212 374 266 θυγάτηρ
400 212 590 264 ἄνανδρος
616 212 738 252 πολιὰ
765 210 1056 262 παρθενεύεται·

202 280 255 319 τὼ
279 282 348 319 τοῦ
374 278 470 320 Διὸς
496 280 538 319 δὲ
562 277 768 330 λεγομένω
795 277 1006 328 Διοσκόρω

202 346 270 386 οὐκ
297 346 427 387 ἐστόν.
501 345 607 385 ἀλλὰ
632 343 746 385 πάντ’
772 344 926 398 ἔχουσα
950 345 1127 396 δυστυχῆ
1369 349 1427 387 ²85

201 416 284 454 τοῖς
308 411 538 464 πράγμασιν
563 411 743 461 τέθνηκα,
771 414 854 452 τοῖς
878 410 912 451 δ’
938 410 1116 462 ἔργοισιν
1141 410 1198 451 οὕ.

200 479 245 519 τὸ
270 479 302 519 δ’
327 479 503 532 ἔσχατον
528 477 646 524 τοῦτ’,
674 479 709 518 εἰ
732 478 923 528 μόλοιμεν
950 478 989 518 ἐς
1015 476 1179 529 πάτραν,

202 544 385 602 κλῄθροις
409 544 457 586 ἂν
482 543 868 597 εἰργοίμεσθα-τὴν
891 543 956 584 ὑπ’
983 543 1089 598 Ἰλίῳ

201 615 407 653 δοκοῦντες
430 611 601 662 Ἑλένην
628 610 818 652 Μενέλεω
844 610 884 661 μ’
910 611 1042 650 ἐλθεῖν
1065 609 1174 661 μέτα.

202 680 236 718 εἶ
259 680 332 729 μὲν
357 679 431 731 γὰρ
457 677 521 728 ἔζη
549 678 679 723 πόσις,
708 677 1016 729 ἀνεγνώσθημεν
1041 675 1089 716 ἂν
1368 690 1429 721 290

203 745 401 790 ἐλθόντες,
429 745 454 784 ἃ
479 743 619 796 φανέρ’
645 742 693 793 ἦν
720 744 868 794 μόνοις,
897 744 937 784 ἐς
964 742 1164 793 ξύμβολα.

201 815 269 852 νῦν
294 810 326 850 δ’
352 811 441 851 οὔτε
465 810 567 850 τοῦτ’
595 809 679 850 ἔστ’
708 810 797 850 οὔτε
821 809 873 860 μὴ
900 811 1011 865 σωθῇ
1036 825 1143 848 ποτε.

265 878 305 917 τί
327 877 408 927 δῆτ’
437 877 494 917 ἔτι
521 877 590 926 (Gn
628 875 700 916 τίν’
726 876 992 926 ὑπολείπομαι
1016 875 1159 928 τύχην;

201 943 349 996 γάμους
375 943 543 994 ἑλομένη
569 946 647 984 τῶν
674 946 802 983 κακῶν
827 941 1076 994 ὑπαλλαγάς,

202 1010 285 1062 μετ’
312 1010 452 1063 ἀνδρὸς
475 1011 595 1050 οἰκεῖν
622 1009 832 1061 βαρβάρου
859 1008 955 1061 πρὸς
981 1009 1179 1049 πλουσίαν
1370 1022 1429 1053 295

201 1077 396 1130 τράπεζαν
422 1075 564 1126 ἵζουσ’,·
604 1075 696 1116 ἀλλ’
721 1076 815 1116 ὅταν
842 1076 960 1116 πόσις
985 1074 1122 1126 πικρὸς

201 1143 297 1201 ξυνῇ
321 1144 486 1196 γυναικί,
516 1143 577 1183 καὶ
603 1141 647 1182 τὸ
673 1141 773 1193 σῶμ’
800 1142 911 1182 ἐστιν
937 1141 1089 1193 πικρόν.

203 1213 335 1251 θανεῖν
362 1209 587 1262 κράτιστον·
626 1212 708 1250 πῶς
735 1207 886 1259 θάνοιμ’
911 1207 960 1248 ἂν
985 1207 1030 1247 οὐ
1058 1211 1207 1253 καλῶς;

200 1274 444 1330 [ἀσχήμονες
467 1279 539 1327 μὲν
565 1276 734 1328 ἀγχόναι
757 1274 978 1326 μετάρσιοι,

205 1344 275 1384 κάν
300 1346 406 1383 τοῖσι
430 1343 586 1383 δούλοις
611 1343 832 1393 δυσπρεπὲς
857 1341 1067 1392 νομίζεται·
1369 1353 1432 1384 300

204 1410 359 1462 σφαγαὶ
384 1409 416 1449 δ’
444 1409 607 1462 ἔχουσιν
633 1407 790 1461 εὐγενές
815 1424 853 1448 τι
879 1408 940 1448 καὶ
966 1407 1101 1453 καλόν,

205 1476 370 1528 σμικρὸν
396 1476 429 1516 δ’
457 1477 476 1514 ὁ
502 1475 634 1527 καιρὸς
660 1474 773 1527 σάρκ’
800 1472 1030 1525 ἀπαλλάξαι
1053 1470 1174 1525 βίου.]

205 1544 243 1585 ἐς
268 1545 343 1595 γὰρ
368 1546 560 1583 τοσοῦτον
584 1541 760 1593 ἤλθομεν
787 1540 911 1584 βάθος
937 1543 1078 1581 κακῶν·

204 1611 242 1650 αἱ
265 1611 338 1660 μὲν
362 1611 437 1661 γὰρ
462 1609 585 1649 ἄλλαι
610 1610 672 1649 διὰ
697 1608 740 1648 τὸ
767 1608 914 1650 κάλλος
940 1607 1114 1660 εὐτυχεῖς

204 1680 397 1728 γυναῖκες,
424 1675 524 1731 ἡμᾶς
550 1675 582 1715 δ’
608 1674 702 1715 αὐτὸ
728 1673 830 1715 τοῦτ’
856 1675 1080 1715 ἀπώλεσεν.
1370 1685 1430 1716 305

105 1745 175 1783 xo.
202 1742 361 1793 Ἑλένη,
389 1742 457 1783 τὸν
484 1741 654 1787 ἐλθόνθ’,
682 1740 793 1783 ὅστις
818 1741 931 1781 ἐστὶν
956 1741 976 1780 ὁ
1001 1739 1126 1791 ξένος,

204 1809 255 1860 μὴ
281 1808 396 1850 πάντ’
422 1809 550 1859 ἀληθῆ
576 1807 749 1864 δοξάσῃς
774 1806 982 1859 εἰρηκέναι.

107 1880 179 1916 Ελ.
209 1876 270 1916 καὶ
294 1875 371 1926 μὴν
397 1879 539 1927 σαφῶς
564 1874 601 1927 γ’
627 1873 733 1924 ἔλεξ’
759 1873 959 1914 ὀλωλέναι
985 1873 1118 1914 πόσιν.

148 1969 210 2008 283
236 1971 332 2000 πολιΐι
348 1968 374 1998 L
388 1968 413 1998 Ρ
537 1968 600 2005 284
626 1965 717 2006 Διὸς]
734 1967 851 2007 πατρὸς
871 1965 1026 1996 Ribbeck
1133 1962 1311 2005 Διοσκόρω]
1331 1963 1432 1995 δισσὼ

104 2012 183 2054 κόρω
202 2012 236 2042 F.
257 2011 319 2042 Gn.
341 2010 494 2042 Schmidt
594 2011 655 2048 287
683 2012 714 2042 ἐς
731 2010 784 2040 hic
802 2010 828 2040 P
932 2010 997 2039 288
1021 2008 1176 2049 κλείθροις
1193 2007 1219 2037 L
1233 2006 1258 2036 P
1356 2007 1430 2045 288,

104 2057 168 2095 289
194 2055 328 2097 εἴργοιέν
352 2068 391 2094 με
421 2054 593 2085 Badham:
616 2053 741 2084 mavult
767 2054 915 2085 δοκοῦσιν
944 2052 1122 2083 Χνεεωείη
1249 2051 1281 2090 μ’
1309 2049 1432 2089 ἐλθεῖν]

105 2102 208 2130 θανεῖν
238 2099 270 2130 F.
305 2098 367 2129 Gu.
397 2097 571 2128 Schmidt:
595 2096 749 2128 lacunam
776 2101 854 2136 post
884 2096 947 2126 288
975 2096 1091 2126 statuit
1117 2094 1274 2135 Kayser:
1313 2102 1432 2123 versus

104 2142 245 2172 sortasse
268 2141 341 2171 sani
468 2151 527 2180 291
555 2142 586 2173 ἐς
609 2139 744 2181 ξύμβολ’
767 2139 916 2172 ἐλθόντες
936 2139 955 2170 ἃ
978 2139 1099 2180 φανερὰ
1119 2137 1226 2177 μόνοις
1246 2138 1284 2168 ἂν
1304 2135 1343 2174 ἣν
1365 2136 1392 2166 L
1406 2135 1434 2166 P

104 2184 244 2225 (ἐλθόνθ’
259 2185 278 2216 ἃ
290 2184 398 2225 φανερ’
414 2186 452 2216 ἂν
467 2184 595 2214 Porson
615 2196 621 2214 :
648 2185 776 2224 ἁμφανῆ
792 2183 956 2221 Camper:
975 2187 1044 2212 tum
1057 2181 1169 2221 μόνοιν
1180 2179 1432 2219 Herwerden):

104 2228 237 2259 correxi
371 2237 433 2266 294
471 2227 663 2267 ἀπαλλαγάς
684 2231 708 2266 p
840 2234 902 2264 297
942 2227 980 2256 τὸ
1012 2226 1088 2265 σῶμ’
1127 2233 1245 2255 sanum
1277 2223 1432 2253 videtur:

103 2273 141 2303 τὸ
173 2271 247 2309 δῶμ’
281 2270 451 2309 Scaliger:
491 2272 529 2302 τὸ
562 2274 626 2301 σῶν
667 2269 801 2300 Seidler
933 2278 1084 2307 299-302
1111 2267 1236 2298 delevit
1271 2266 1432 2303 Hartung

102 2315 166 2353 298
189 2316 254 2345 πῶς
272 2314 390 2353 θάνοιμ’
414 2315 452 2346 ἂν
479 2313 534 2345 οὖν
561 2313 779 2352 Stephanus:
811 2312 994 2354 προθιίνοιμ’
1021 2313 1058 2344 ἂν
1077 2313 1112 2343 οὐ
1134 2309 1199 2340 LP
1283 2311 1316 2340 οὐ
1335 2308 1430 2338 resti-

103 2358 164 2388 tuit
195 2356 435 2396 XViIamowstz,
470 2356 510 2387 cl.
545 2367 597 2387 vv.
629 2364 781 2395 303-305
967 2364 1030 2393 302
1063 2355 1192 2395 σμικρὸς
1234 2351 1430 2390 Stephanus

104 2399 192 2442 σάρκ’
213 2400 410 2431 Hermann:
429 2400 497 2440 ἅρτ’
517 2400 542 2430 L
555 2399 581 2429 P
713 2400 777 2437 ‘306
802 2397 926 2430 ἐλθόντ’
955 2398 980 2427 L
993 2398 1019 2427 Ρ
1150 2397 1214 2435 308
1240 2396 1347 2436 ἔλεξεν
1366 2393 1430 2424 LP
