1658 2740
742 147 815 183 EA
829 147 904 183 EN
917 147 952 182 H

283 250 326 289 τὸ
353 249 511 295 κάλλος,
537 249 704 299 (Ελένης
731 249 869 294 οὕνεκ’,
896 248 1100 298 ἀνονήτοις
1126 249 1279 301 γάμοις,Λ

282 316 397 357 τέλος
423 316 455 355 δ’
481 316 546 368 ἐφ’
570 315 676 365 ἡμῖν,
704 315 786 360 εἴθ’,
814 316 838 354 a
861 315 1052 365 βούλεται
1079 317 1240 368 Κύπρις,

282 380 422 431 λέξασ’
449 383 612 436 ἀδελφῷ
637 381 678 420 (τ’
704 380 832 421 ἐνθάδ’
856 383 952 422 ὄντα
977 382 1160 428 διολέσω,

281 448 350 490 εἴτ’
375 449 422 488 αὖ
446 447 531 499 μεθ’
547 447 680 500 ”Ηρας
705 451 839 488 στᾶσα
864 451 937 488 σὸν
963 449 1084 488 σώσω
1109 450 1216 500 βίον,

284 515 454 567 κρύψασ’
480 514 672 566 ὁμαίμον’,
699 516 741 557 ὅς
765 532 814 566 με
838 514 1089 566 προστάσσει
1112 515 1204 555 τάδε

281 584 416 627 εἰπεῖν,
444 583 538 621 ὅταν
563 584 638 634 γῆν
663 581 779 631 τήνδε
803 581 1005 632 νοστήσας
1030 582 1161 638 τύχῃς.
1194 614 1200 622 .

345 649 403 690 τίς
429 647 504 688 εἶσ’
529 649 690 702 ἀδελφῷ
716 648 829 689 τόνδε
855 653 1044 699 σημανῶν
1069 651 1147 703 ἐμῷ

281 715 455 766 παρόνθ’,
481 715 587 756 ὅπως
611 714 659 754 ἂν
684 715 827 765 τούμὸν
853 716 1049 767 ἀσφαλῶς
1074 716 1167 771 ἕχῃ,·

180 785 254 821 Ελ.
281 780 310 821 εἶ)
337 780 509 833 παρθέν’,
541 781 658 822 ἱκέτις
683 782 785 833 ἀμφὶ
811 781 884 821 σὸν
908 783 1031 822 πίτνω
1057 783 1151 834 γόνυ

282 848 343 888 καὶ
368 849 618 900 προσκαθίζω
646 851 764 888 θᾶκον
789 848 857 887 οὐκ
883 848 1092 899 εὐδαίμονα

279 914 376 966 ὑπέρ
400 914 432 953 τ’
458 916 623 965 ἐμαυτῆς
650 914 762 954 τοῦδέ
788 914 834 960 θ’,
863 914 907 954 ὃν
931 916 1047 965 μόλις
1072 917 1166 956 ποτὲ

278 980 451 1031 λαβοῦσ’
477 980 537 1021 ἐπ’
561 982 686 1031 ἀκμῆς
711 983 788 1031 εἰμι
815 981 1044 1021 κατθανόντ’
1070 983 1178 1021 ἰδεῖν·

279 1046 331 1098 μή
355 1065 430 1098 μου
456 1049 641 1102 κατείπῃς
667 1051 725 1101 σῷ
753 1046 977 1102 κασιγνήτῳ
1004 1049 1123 1088 πόσιν

279 1113 386 1154 τόνδῖ
409 1115 464 1155 εἰς
489 1115 584 1164 ἐμὰς
608 1113 753 1163 ἥκοντα
778 1113 973 1166 φιλτάτας
997 1114 1130 1167 χέρας,

280 1184 416 1234 σῷσον
441 1179 495 1225 δέ,
522 1181 722 1230 λίσσομαί
745 1197 805 1220 σε·
845 1181 1028 1235 συγγόνῳ
1053 1183 1095 1221 δὲ
1121 1186 1178 1234 σῷ

279 1246 350 1296 τὴν
369 1246 581 1297 εὐσέβειαν
604 1246 656 1297 μὴ
682 1249 833 1301 προδῷς
858 1247 929 1297 τὴν
954 1246 1030 1298 σήν
1055 1264 1162 1292 ποτε,

281 1312 446 1366 χάριτας
472 1314 644 1365 πονηρὰς
670 1314 847 1355 κάδίκους
873 1314 1086 1365 ὠνουμένη.

278 1385 390 1431 μισεῖ
411 1382 485 1433 γὰρ
511 1381 531 1419 ὁ
557 1380 644 1422 θεὸς
667 1380 739 1430 τὴν
763 1381 872 1431 βίαν,
899 1383 948 1421 τὰ
973 1383 1093 1431 κτητὰ
1117 1383 1159 1422 δὲ

281 1449 449 1487 κτᾶσθαι
475 1447 625 1487 κελεύει
650 1445 798 1488 πάντας
824 1447 892 1487 οὐκ
917 1449 956 1490 ἐς
981 1447 1174 1500 ἁρπαγάς.

280 1510 429 1564 [ἐατέος
455 1513 487 1553 δ’
513 1514 533 1553 ὁ
557 1517 730 1555 πλοῦτος
755 1513 887 1556 ἄδικός
912 1531 971 1556 τις
996 1513 1077 1567 ὤν.]

281 1583 407 1622 κοινὸς
430 1579 506 1632 γάρ
531 1581 644 1620 ἐστιν
670 1580 833 1632 οὐρανὸς
858 1583 981 1621 πᾶσιν
1005 1585 1168 1633 βροτοῖς

281 1647 343 1686 καὶ
366 1645 458 1699 γαῖ’,
485 1647 528 1687 ἐν
551 1645 575 1702 ᾗ
596 1646 673 1699 χρὴ
700 1646 845 1697 δώματ’
872 1646 1242 1699 ἀναπληρουμένους

280 1713 496 1765 τάλλότρια
518 1713 571 1764 μὴ
598 1716 715 1767 σχεῖν
741 1713 828 1765 μηδ’
856 1715 1113 1766 ἀφαιρεῖσθαι
1136 1715 1222 1766 βίᾳ.

278 1779 380 1830 ἡμᾶς
403 1781 444 1819 δὲ
468 1781 666 1831 μακαρίως
689 1779 775 1831 μέν,
803 1780 949 1821 ἀθλίως
974 1780 1007 1819 δ’
1028 1780 1125 1830 ἐμοί,

279 1844 425 1897 Ἑρμῆς
449 1845 569 1886 ἔδωκε
593 1847 710 1899 πατρὶ
738 1847 796 1901 σῷ
819 1845 960 1901 σῴζειν
987 1847 1104 1887 πόσει

279 1911 363 1966 τῷδ’
389 1911 430 1954 ὃς
456 1911 624 1963 πάρεστι
651 1913 947 1962 κάπολάζυσθαι
971 1913 1091 1953 θέλει.

281 1981 362 2019 πῶς
387 1979 455 2018 οὖν
480 1980 608 2019 θανὼν
634 1979 682 2018 ἂν
707 1978 931 2029 ἀπολάβοι;
971 1983 1097 2020 κεῖνος
1121 1981 1163 2019 δὲ
1188 1983 1269 2020 πῶς

1442 1859 1506 1890 910

223 2070 286 2099 886
311 2069 475 2108 ἀνονήτοις
493 2069 633 2100 Pierson
658 2070 738 2107 (non
753 2069 919 2108 sruemh's,
941 2071 980 2101 cf.
1009 2078 1030 2102 λ
1047 2070 1150 2109 324ἱῑ
1176 2071 1309 2108 ὠνητοῖς
1335 2069 1360 2099 L
1377 2070 1421 2101 P:
1451 2072 1507 2101 οὐκ

180 2113 226 2154 ἄρ’
252 2113 383 2151 ὠνητοῖς
411 2113 625 2143 Herwerden
732 2114 795 2143 888
822 2113 851 2145 σ’
881 2113 1031 2144 Reiske:
1055 2115 1088 2155 γ’
1113 2114 1161 2144 Ρ;
1188 2114 1219 2143 in
1251 2113 1276 2142 L
1297 2113 1329 2154 γ’
1350 2117 1408 2143 aut
1428 2114 1504 2145 add.

181 2156 223 2186 L:
240 2163 298 2188 aut
315 2167 418 2188 rescr.
435 2157 448 2186 l
577 2158 641 2195 890
662 2157 816 2196 ὁμαίμου*
837 2157 863 2186 L
882 2157 958 2197 <fuit
976 2164 1058 2196 puto
1076 2157 1243 2200 ὁμαίμονα)

1368 2158 1432 2196 892
1450 2169 1506 2194 ση-

179 2204 287 2240 μανῶν
312 2200 483 2239 Scaliger:
509 2203 639 2239 σημανῶ
659 2199 692 2240 γ’
717 2200 783 2229 LP
939 2201 1002 2240 893
1027 2201 1156 2243 παρόντ’
1180 2201 1206 2231 L
1232 2202 1342 2239 (eraso
1363 2200 1395 2240 α)
1423 2204 1457 2230 et
1482 2200 1509 2230 P

181 2245 246 2283 896
268 2242 364 2275 ’τοῦδέ
378 2243 406 2275 τ’
431 2244 456 2273 L
471 2243 498 2273 Ρ
630 2243 694 2283 898
717 2243 760 2282 μή
780 2257 833 2282 μοι
855 2243 991 2274 Seidler
1122 2246 1186 2283 899
1211 2245 1370 2285 φίλτατον
1398 2244 1507 2275 Cobet

180 2297 245 2326 902
265 2288 316 2319 καὶ
349 2287 473 2319 ἀδίκους
505 2287 533 2317 L
688 2297 751 2326 903
777 2287 849 2324 Βίας
883 2287 927 2318 Ρ;
961 2297 1046 2318 corr.
1069 2292 1095 2327 p
1247 2298 1313 2329 905
1335 2288 1506 2318 damnavit

183 2331 360 2361 Hermann
376 2341 383 2360 :
407 2332 558 2370 903-908
576 2331 639 2362 del.
658 2330 807 2361 Dindorf
927 2332 992 2371 908
1016 2333 1112 2372 σχεῖν
1130 2330 1316 2363 Headlam:
1337 2331 1424 2372 '‘Xctv
1442 2332 1468 2361 L
1482 2332 1508 2361 P

182 2384 248 2414 909
270 2374 442 2416 μακαρίως]
462 2375 586 2416 καιρίως
607 2374 759 2405 Badham
