1658 2740
632 91 977 128 ΕΎΡΙΠΙΔΟΎ

241 196 261 234 ὁ
288 193 454 244 Πηλέως
479 195 570 236 παῖς
596 195 784 246 ἐκφυγεῖν
808 192 1030 244 δυνήσεται.

144 265 211 301 Χο.
240 262 333 300 ὅταν
358 260 540 302 πολίταις
567 260 792 301 εὐσταθῶσι
817 261 1009 311 δαίμονες,

240 327 347 378 ἕρπει
374 326 565 377 κατάντης
590 326 774 379 ξυμφορὰ
799 327 895 378 πρὸς
919 326 1081 379 τάγαθά.

146 397 213 434 Εκ.
239 393 426 439 πολλούς,
454 393 587 443 ἐπειδὴ
614 393 760 444 τούμὸν
785 393 941 446 εὐτυχεῖ
961 394 1053 444 δόρυ

242 459 301 500 καὶ
328 460 425 502 Ζεὺς
449 460 546 511 πρὸς
571 460 682 510 ἡμῶν
709 461 831 506 ἐστιν,
860 458 1012 511 εὑρήσω
1040 460 1197 512 φίλους,
1403 472 1466 504 320

240 526 331 566 ἀλλ’
357 526 466 567 οὐδὲν
493 526 620 566 αὐτῶν
647 525 813 576 δεόμεθ’,
841 526 982 568 οἵτινες
1008 525 1131 566 πάλαι

239 593 290 644 μὴ
317 592 594 643 ξυμπονοῦσιν,
622 591 722 642 ἡνίκ’
749 591 923 642 ἐξώστης
941 591 1066 644 ’Ἄρης

240 660 378 710 ἔθραυε
401 660 527 711 λαίφη
554 661 676 708 τῆσδε
702 660 774 709 γῆς
798 658 919 710 μέγας
945 658 1085 699 πνέων.

238 725 380 776 Ῥῆσος
405 725 436 765 δ’
463 725 609 775 ἔδειξεν
636 725 717 765 οἶος
743 723 790 774 ἦν
815 725 938 778 Τροίᾳ
965 726 1097 777 φίλος·

239 792 322 842 ἥκει
348 794 421 844 γὰρ
448 793 486 833 ἐς
512 791 622 837 δαῖτ’,
652 791 696 831 οὐ
722 791 856 843 παρὼν
883 791 1108 843 κυνηγέταις
1404 804 1465 836 325

239 860 394 911 αἱροῦσι
417 859 530 899 λείαν
555 857 643 899 οὐδὲ
672 858 886 909 συγκαμὼν
911 859 1008 909 δορί.

142 929 212 965 No.
238 927 361 977 ὀρθῶς
386 925 528 974 ἀτίζεις
554 925 811 976 κάπίμομφος
836 924 874 964 εἶ
895 924 1042 976 φίλοις·

240 991 359 1045 δέχου
384 994 426 1032 δὲ
450 991 541 1033 τοὺς
567 990 756 1033 θέλοντας
783 990 956 1042 ὠφελεῖν
982 991 1113 1031 πόλιν.

143 1062 210 1098 Εκ.
242 1059 432 1110 ἀρκοῦμεν
456 1060 492 1098 οἱ
518 1056 706 1113 σῴζοντες
724 1057 852 1098 Ἴλιον
876 1056 1011 1098 πάλαι.

142 1129 213 1165 xo.
239 1124 429 1166 πέποιθας
452 1124 524 1175 ἤδη
551 1125 764 1174 πολεμίους
787 1123 991 1179 ᾑρηκέναι;
1405 1134 1468 1166 330

146 1195 211 1231 Εκ.
243 1191 423 1232 πέποιθα·
461 1189 579 1241 δείξει
603 1190 764 1231 τούπιὸν
790 1189 913 1232 σέλας
937 1191 1040 1230 θεοῦ.

143 1261 213 1297 Χο.
241 1259 311 1309 ὅρα
334 1257 379 1298 τὸ
402 1257 566 1308 μέλλον·
604 1256 723 1297 πόλλ’
749 1255 991 1308 ἀναστρέφει
1017 1255 1117 1297 θεός.

146 1327 213 1364 Ex.
244 1327 348 1374 μισῶ
375 1325 558 1376 φίλοισιν
582 1325 749 1375 ὕστερον
773 1325 1024 1375 βοηδρομεῖν.
1406 1333 1464 1365 333

309 1390 329 1430 ὃ
354 1389 386 1430 δ’
412 1390 491 1436 οὖν,
521 1391 682 1441 ἐπείπερ
707 1388 816 1440 ἦλθε,
845 1389 1052 1441 σύμμαχος
1076 1390 1148 1439 μὲν
1173 1388 1229 1434 οὔ,
1405 1391 1466 1431 336

242 1456 353 1506 ξένος
379 1459 418 1497 δὲ
444 1456 540 1508 πρὸς
565 1456 759 1508 τράπεζαν
783 1454 908 1506 ἡκέτω
933 1454 1070 1505 ξένων·

242 1523 355 1576 χάρις
380 1525 453 1575 γὰρ
480 1522 581 1576 αὐτῷ
611 1525 841 1573 Πριαμιδῶν
862 1522 1040 1561 διώλετο.
1405 1524 1466 1563 338

145 1593 216 1629 xo.
242 1588 352 1639 ἄναξ,
381 1590 552 1630 ἀπωθεῖν
579 1587 811 1641 συμμάχους
838 1588 1072 1640 ἐπίφθονον.
1403 1599 1467 1630 334

145 1660 216 1708 Αγ.
244 1656 375 1708 φόβος
400 1654 543 1707 γένοιτ’
568 1653 615 1695 ἂν
641 1655 849 1705 πολεμίοις
876 1653 1015 1706 ὀφθεὶς
1039 1653 1174 1704 μόνον.
1404 1665 1465 1696 335

146 1726 214 1762 Εκ.
244 1722 295 1762 σύ
318 1722 351 1761 τ’
378 1722 419 1762 εὖ
444 1724 646 1773 παραινεῖς
672 1721 734 1761 καὶ
760 1720 811 1761 σὺ
838 1721 994 1772 καιρίως
1022 1723 1196 1761 σκοπεῖς.
1403 1731 1464 1764 339

243 1789 263 1828 ὁ
287 1788 557 1842 χρυσοτευχὴς
582 1788 614 1828 δ’
640 1787 765 1828 οὕνεκ’
793 1786 966 1839 ἀγγέλου
995 1787 1129 1839 λόγων
1404 1798 1467 1829 340

242 1854 385 1905 Ῥῆσος
410 1855 594 1907 παρέστω
618 1857 709 1911 τῇδε
736 1854 944 1906 σύμμαχος
970 1854 1099 1907 χθονί.

187 1949 249 1987 318
273 1948 418 1989 συμφορὰ
437 1947 502 1978 ΡΟ
592 1946 733 1988 τάγαθόν
751 1947 777 1976 L
789 1946 815 1976 P
934 1956 997 1985 322
1021 1948 1220 1986 ξυμπονῶσιν
1235 1944 1306 1975 VO
1324 1943 1467 1974 fortasse

145 1997 236 2022 recte
323 2001 387 2031 323
412 1991 518 2033 ἔθραυε
534 1990 582 2022 V:
609 1991 739 2032 ἔθραυσε
758 1990 807 2020 O:
835 1989 955 2030 ἔφανσε
974 1989 999 2019 L
1012 1988 1037 2019 P
1124 1987 1209 2029 μέγα
1225 1988 1256 2018 O
1351 1997 1415 2026 324
1439 1988 1465 2019 δ’

144 2047 208 2066 om.
225 2035 255 2065 V
331 2035 436 2075 τροίας
451 2035 476 2065 L
488 2034 514 2064 P
603 2035 667 2073 326
688 2036 808 2075 αἴρουσι
823 2038 855 2064 et
869 2033 955 2073 δουρί
967 2032 996 2062 V
1084 2042 1146 2071 327
1167 2031 1298 2071 ἀτίζεις]
1313 2032 1422 2071 ἔλεξας
1435 2030 1465 2061 Ο

144 2080 338 2119 κάπίμομφος
354 2079 384 2108 V
536 2087 600 2116 329
623 2077 721 2108 πάλαι
738 2077 767 2106 V
779 2076 828 2107 O:
854 2076 948 2108 πόλιν
966 2075 992 2106 L
1005 2075 1030 2105 P
1180 2085 1244 2113 330
1267 2074 1422 2115 εἰρηκέναι
1437 2073 1468 2103 V

143 2132 203 2161 331
231 2123 323 2162 δείξοι
339 2121 369 2151 V
528 2130 591 2159 334
604 2130 653 2159 sq.
682 2125 759 2159 post
776 2121 839 2159 338
856 2118 1062 2158 transposuit
1080 2124 1231 2148 correcta
1247 2127 1465 2157 personarum

143 2165 364 2204 dispositione
391 2163 531 2201 Nauck;
563 2165 714 2203 334-338
740 2163 869 2201 nuntio,
891 2171 1040 2201 339—341
1068 2162 1173 2192 choro
1200 2161 1350 2191 tribuunt
1371 2160 1463 2190 VO:

143 2209 293 2247 334·338
328 2208 441 2246 choro,
480 2217 626 2246 339-341
670 2206 813 2237 Hectori
853 2206 879 2236 L
897 2206 922 2236 P
958 2205 1191 2246 (paragraphis
1230 2203 1389 2243 praefixis
1420 2202 1463 2243 L)

143 2261 205 2289 335
231 2251 351 2291 ὀφθεὶς]
371 2252 472 2282 ἐλθὼν
489 2250 519 2281 O
653 2251 717 2289 336
741 2248 787 2281 ὅδ’
801 2249 898 2280 codd.
1031 2258 1093 2287 337
1119 2247 1213 2279 ἱκέτω
1232 2247 1257 2278 L
1272 2247 1316 2278 P:
1342 2251 1466 2295 comp

143 2296 206 2333 338
230 2296 376 2326 ἀπώλετο
396 2294 421 2324 L
434 2293 459 2324 Ρ
613 2303 676 2332 339
701 2294 810 2334 κυρίως
829 2292 859 2323 O
1009 2302 1073 2331 340
1096 2294 1123 2323 δ’
1140 2293 1241 2323 οὕνεκ’
1261 2291 1285 2321 L
1298 2290 1385 2321 PO:
1411 2295 1465 2321 οὖν

145 2340 180 2368 ἐκ
196 2337 225 2367 V
313 2347 371 2375 341
399 2337 554 2378 παρέσται
571 2336 600 2367 V
611 2337 641 2367 O
653 2342 677 2370 Σ
695 2338 822 2375 (λοιπὸν
838 2336 916 2376 ἥξει)
