<?xml version="1.0" encoding="UTF-8"?>
<!DOCTYPE html PUBLIC "-//W3C//DTD XHTML 1.0 Transitional//EN"
    "http://www.w3.org/TR/xhtml1/DTD/xhtml1-transitional.dtd">
<html xmlns="http://www.w3.org/1999/xhtml" xml:lang="en" lang="en">
 <head>
  <title>
</title>
<meta http-equiv="Content-Type" content="text/html;charset=utf-8" />
  <meta name='ocr-system' content='tesseract 3.04.00' />
  <meta name='ocr-capabilities' content='ocr_page ocr_carea ocr_par ocr_line ocrx_word'/>
</head>
<body>
  <div class='ocr_page' id='page_1' title='image "./euripidisfabulae03euriuoft_0090.png"; bbox 0 0 1658 2740; ppageno 0'>
   <div class='ocr_carea' id='block_1_1' title="bbox 681 132 1027 170">
    <p class='ocr_par' dir='ltr' id='par_1_1' title="bbox 681 132 1027 170">
     <span class='ocr_line' id='line_1_1' title="bbox 681 132 1027 170; baseline 0.006 -2"><span class='ocrx_word' id='word_1_1' title='bbox 681 132 1027 170; x_wconf 64' lang='grc' dir='ltr'>ΕΥΡΙΠΙΔΟΥ</span> 
     </span>
    </p>
   </div>
   <div class='ocr_carea' id='block_1_2' title="bbox 273 233 1511 1489">
    <p class='ocr_par' dir='ltr' id='par_1_2' title="bbox 273 233 1511 1489">
     <span class='ocr_line' id='line_1_2' title="bbox 288 233 1299 291; baseline 0.006 -17"><span class='ocrx_word' id='word_1_2' title='bbox 288 233 473 287; x_wconf 81' lang='grc' dir='ltr'>ἔσπειρεν</span> <span class='ocrx_word' id='word_1_3' title='bbox 497 235 591 286; x_wconf 83' lang='grc' dir='ltr'>ἡμῖν</span> <span class='ocrx_word' id='word_1_4' title='bbox 614 238 748 277; x_wconf 89' lang='grc' dir='ltr'>παῖδα·</span> <span class='ocrx_word' id='word_1_5' title='bbox 788 236 849 276; x_wconf 88' lang='grc' dir='ltr'>καὶ</span> <span class='ocrx_word' id='word_1_6' title='bbox 875 237 1054 289; x_wconf 84' lang='grc' dir='ltr'>σπείρας,</span> <span class='ocrx_word' id='word_1_7' title='bbox 1081 235 1299 291; x_wconf 50' lang='grc' dir='ltr'>Τβρέφοςῖ</span> 
     </span>
     <span class='ocr_line' id='line_1_3' title="bbox 288 300 1223 356; baseline 0.004 -15"><span class='ocrx_word' id='word_1_8' title='bbox 288 300 404 352; x_wconf 83' lang='grc' dir='ltr'>γνοὺς</span> <span class='ocrx_word' id='word_1_9' title='bbox 428 301 697 354; x_wconf 83' lang='grc' dir='ltr'>τάμπλάκημα</span> <span class='ocrx_word' id='word_1_10' title='bbox 720 307 788 343; x_wconf 82' lang='grc' dir='ltr'>τοῦ</span> <span class='ocrx_word' id='word_1_11' title='bbox 813 306 902 344; x_wconf 82' lang='grc' dir='ltr'>θεοῦ</span> <span class='ocrx_word' id='word_1_12' title='bbox 925 321 969 345; x_wconf 92' lang='grc' dir='ltr'>τε</span> <span class='ocrx_word' id='word_1_13' title='bbox 992 303 1064 354; x_wconf 83' lang='grc' dir='ltr'>τὴν</span> <span class='ocrx_word' id='word_1_14' title='bbox 1090 303 1223 356; x_wconf 82' lang='grc' dir='ltr'>φάτιν,</span> 
     </span>
     <span class='ocr_line' id='line_1_4' title="bbox 286 367 1168 423; baseline 0.008 -17"><span class='ocrx_word' id='word_1_15' title='bbox 286 368 446 418; x_wconf 84' lang='grc' dir='ltr'>λειμῶν’</span> <span class='ocrx_word' id='word_1_16' title='bbox 473 370 512 410; x_wconf 85' lang='grc' dir='ltr'>ἐς</span> <span class='ocrx_word' id='word_1_17' title='bbox 530 367 662 421; x_wconf 65' lang='grc' dir='ltr'>’Ἠρας</span> <span class='ocrx_word' id='word_1_18' title='bbox 687 369 749 410; x_wconf 86' lang='grc' dir='ltr'>καὶ</span> <span class='ocrx_word' id='word_1_19' title='bbox 776 373 1017 423; x_wconf 89' lang='grc' dir='ltr'>Κιθαιρῶνος</span> <span class='ocrx_word' id='word_1_20' title='bbox 1042 369 1168 413; x_wconf 82' lang='grc' dir='ltr'>λέπας</span> 
     </span>
     <span class='ocr_line' id='line_1_5' title="bbox 286 435 1511 491; baseline 0.007 -17"><span class='ocrx_word' id='word_1_21' title='bbox 286 435 424 475; x_wconf 88' lang='grc' dir='ltr'>δίδωσι</span> <span class='ocrx_word' id='word_1_22' title='bbox 447 436 708 486; x_wconf 83' lang='grc' dir='ltr'>βουκόλοισιν</span> <span class='ocrx_word' id='word_1_23' title='bbox 735 438 904 478; x_wconf 87' lang='grc' dir='ltr'>ἐκθεῖναι</span> <span class='ocrx_word' id='word_1_24' title='bbox 927 437 1094 491; x_wconf 83' lang='grc' dir='ltr'>βρέφος,</span> <span class='ocrx_word' id='word_1_25' title='bbox 1473 454 1511 483; x_wconf 87' lang='grc'>25</span> 
     </span>
     <span class='ocr_line' id='line_1_6' title="bbox 287 503 1177 557; baseline 0.006 -17"><span class='ocrx_word' id='word_1_26' title='bbox 287 505 452 553; x_wconf 87' lang='grc' dir='ltr'>σφυρῶν</span> <span class='ocrx_word' id='word_1_27' title='bbox 478 505 621 555; x_wconf 78' lang='grc' dir='ltr'>σιδηρᾶ</span> <span class='ocrx_word' id='word_1_28' title='bbox 647 503 788 556; x_wconf 83' lang='grc' dir='ltr'>κέντρα</span> <span class='ocrx_word' id='word_1_29' title='bbox 812 505 1014 557; x_wconf 77' lang='grc' dir='ltr'>διαπείρας</span> <span class='ocrx_word' id='word_1_30' title='bbox 1036 504 1177 556; x_wconf 86' lang='grc' dir='ltr'>μέσον·</span> 
     </span>
     <span class='ocr_line' id='line_1_7' title="bbox 283 568 1089 622; baseline 0.007 -16"><span class='ocrx_word' id='word_1_31' title='bbox 283 568 374 608; x_wconf 85' lang='grc' dir='ltr'>ὅθεν</span> <span class='ocrx_word' id='word_1_32' title='bbox 399 585 460 610; x_wconf 91' lang='grc' dir='ltr'>νιν</span> <span class='ocrx_word' id='word_1_33' title='bbox 484 568 636 612; x_wconf 79' lang='grc' dir='ltr'>Ἑλλὰς</span> <span class='ocrx_word' id='word_1_34' title='bbox 661 570 859 622; x_wconf 80' lang='grc' dir='ltr'>ὠνόμαζεν</span> <span class='ocrx_word' id='word_1_35' title='bbox 883 572 1089 612; x_wconf 84' lang='grc' dir='ltr'>Οἰδίπουν.</span> 
     </span>
     <span class='ocr_line' id='line_1_8' title="bbox 283 635 1170 690; baseline 0.006 -16"><span class='ocrx_word' id='word_1_36' title='bbox 283 635 479 686; x_wconf 81' lang='grc' dir='ltr'>Πολύβου</span> <span class='ocrx_word' id='word_1_37' title='bbox 504 635 548 677; x_wconf 90' lang='grc' dir='ltr'>δέ</span> <span class='ocrx_word' id='word_1_38' title='bbox 571 653 633 678; x_wconf 90' lang='grc' dir='ltr'>νιν</span> <span class='ocrx_word' id='word_1_39' title='bbox 656 638 855 688; x_wconf 84' lang='grc' dir='ltr'>λαβόντες</span> <span class='ocrx_word' id='word_1_40' title='bbox 881 639 1170 690; x_wconf 83' lang='grc' dir='ltr'>ἱπποβουκόλοι</span> 
     </span>
     <span class='ocr_line' id='line_1_9' title="bbox 283 700 1180 759; baseline 0.007 -17"><span class='ocrx_word' id='word_1_41' title='bbox 283 700 449 753; x_wconf 81' lang='grc' dir='ltr'>φέρουσ’</span> <span class='ocrx_word' id='word_1_42' title='bbox 475 702 515 745; x_wconf 86' lang='grc' dir='ltr'>ἐς</span> <span class='ocrx_word' id='word_1_43' title='bbox 540 705 668 746; x_wconf 84' lang='grc' dir='ltr'>οἴκους</span> <span class='ocrx_word' id='word_1_44' title='bbox 694 704 733 746; x_wconf 79' lang='grc' dir='ltr'>ἐς</span> <span class='ocrx_word' id='word_1_45' title='bbox 757 721 799 745; x_wconf 88' lang='grc' dir='ltr'>τε</span> <span class='ocrx_word' id='word_1_46' title='bbox 824 706 1036 755; x_wconf 88' lang='grc' dir='ltr'>δεσποίνης</span> <span class='ocrx_word' id='word_1_47' title='bbox 1060 705 1180 759; x_wconf 85' lang='grc' dir='ltr'>χέρας</span> 
     </span>
     <span class='ocr_line' id='line_1_10' title="bbox 283 768 1511 821; baseline 0.009 -14"><span class='ocrx_word' id='word_1_48' title='bbox 283 768 438 818; x_wconf 78' lang='grc' dir='ltr'>ἔθηκαν.</span> <span class='ocrx_word' id='word_1_49' title='bbox 510 768 534 820; x_wconf 83' lang='grc' dir='ltr'>ἢ</span> <span class='ocrx_word' id='word_1_50' title='bbox 560 772 601 811; x_wconf 80' lang='grc' dir='ltr'>δὲ</span> <span class='ocrx_word' id='word_1_51' title='bbox 627 770 696 811; x_wconf 88' lang='grc' dir='ltr'>τὸν</span> <span class='ocrx_word' id='word_1_52' title='bbox 721 770 816 821; x_wconf 82' lang='grc' dir='ltr'>ἐμὸν</span> <span class='ocrx_word' id='word_1_53' title='bbox 842 771 990 812; x_wconf 87' lang='grc' dir='ltr'>ὠδίνων</span> <span class='ocrx_word' id='word_1_54' title='bbox 1014 773 1138 813; x_wconf 90' lang='grc' dir='ltr'>πόνον</span> <span class='ocrx_word' id='word_1_55' title='bbox 1471 787 1511 818; x_wconf 85' lang='grc'>30</span> 
     </span>
     <span class='ocr_line' id='line_1_11' title="bbox 280 837 1162 888; baseline 0.007 -15"><span class='ocrx_word' id='word_1_56' title='bbox 280 839 446 884; x_wconf 77' lang='grc' dir='ltr'>μαστοῖς</span> <span class='ocrx_word' id='word_1_57' title='bbox 470 837 610 888; x_wconf 86' lang='grc' dir='ltr'>ὑφεῖτο</span> <span class='ocrx_word' id='word_1_58' title='bbox 637 837 702 878; x_wconf 84' lang='grc' dir='ltr'>καὶ</span> <span class='ocrx_word' id='word_1_59' title='bbox 726 838 847 878; x_wconf 87' lang='grc' dir='ltr'>πόσιν</span> <span class='ocrx_word' id='word_1_60' title='bbox 872 839 998 879; x_wconf 86' lang='grc' dir='ltr'>πείθει</span> <span class='ocrx_word' id='word_1_61' title='bbox 1021 842 1162 879; x_wconf 83' lang='grc' dir='ltr'>τεκεῖν.</span> 
     </span>
     <span class='ocr_line' id='line_1_12' title="bbox 347 901 1204 957; baseline 0.008 -16"><span class='ocrx_word' id='word_1_62' title='bbox 347 901 419 953; x_wconf 86' lang='grc' dir='ltr'>ἤδη</span> <span class='ocrx_word' id='word_1_63' title='bbox 445 904 487 943; x_wconf 84' lang='grc' dir='ltr'>δὲ</span> <span class='ocrx_word' id='word_1_64' title='bbox 512 907 684 955; x_wconf 84' lang='grc' dir='ltr'>πυρσαῖς</span> <span class='ocrx_word' id='word_1_65' title='bbox 709 903 872 957; x_wconf 80' lang='grc' dir='ltr'>γένυσιν</span> <span class='ocrx_word' id='word_1_66' title='bbox 898 904 1204 957; x_wconf 79' lang='grc' dir='ltr'>ἐξανδρούμενος</span> 
     </span>
     <span class='ocr_line' id='line_1_13' title="bbox 280 967 1175 1025; baseline 0.006 -17"><span class='ocrx_word' id='word_1_67' title='bbox 280 972 371 1010; x_wconf 85' lang='grc' dir='ltr'>παῖς</span> <span class='ocrx_word' id='word_1_68' title='bbox 396 970 513 1021; x_wconf 84' lang='grc' dir='ltr'>οὑμὸς</span> <span class='ocrx_word' id='word_1_69' title='bbox 539 967 562 1020; x_wconf 82' lang='grc' dir='ltr'>ἢ</span> <span class='ocrx_word' id='word_1_70' title='bbox 590 970 707 1023; x_wconf 77' lang='grc' dir='ltr'>γνοὺς</span> <span class='ocrx_word' id='word_1_71' title='bbox 732 970 756 1022; x_wconf 85' lang='grc' dir='ltr'><em>ἤ</em></span> <span class='ocrx_word' id='word_1_72' title='bbox 781 987 886 1013; x_wconf 90' lang='grc' dir='ltr'>τινος</span> <span class='ocrx_word' id='word_1_73' title='bbox 910 972 1044 1022; x_wconf 85' lang='grc' dir='ltr'>μαθὼν</span> <span class='ocrx_word' id='word_1_74' title='bbox 1069 971 1175 1025; x_wconf 89' lang='grc' dir='ltr'>πάρα</span> 
     </span>
     <span class='ocr_line' id='line_1_14' title="bbox 281 1036 1151 1089; baseline 0.005 -15"><span class='ocrx_word' id='word_1_75' title='bbox 281 1036 439 1089; x_wconf 80' lang='grc' dir='ltr'>ἔστειχε</span> <span class='ocrx_word' id='word_1_76' title='bbox 463 1036 554 1079; x_wconf 77' lang='grc' dir='ltr'>τοὺς</span> <span class='ocrx_word' id='word_1_77' title='bbox 581 1037 788 1088; x_wconf 85' lang='grc' dir='ltr'>φύσαντας</span> <span class='ocrx_word' id='word_1_78' title='bbox 815 1039 999 1089; x_wconf 82' lang='grc' dir='ltr'>ἐκμαθεῖν</span> <span class='ocrx_word' id='word_1_79' title='bbox 1025 1038 1151 1079; x_wconf 86' lang='grc' dir='ltr'>θέλων</span> 
     </span>
     <span class='ocr_line' id='line_1_15' title="bbox 281 1101 1509 1155; baseline 0.006 -14"><span class='ocrx_word' id='word_1_80' title='bbox 281 1101 377 1153; x_wconf 83' lang='grc' dir='ltr'>πρὸς</span> <span class='ocrx_word' id='word_1_81' title='bbox 402 1105 512 1153; x_wconf 86' lang='grc' dir='ltr'>δῶμα</span> <span class='ocrx_word' id='word_1_82' title='bbox 538 1106 707 1154; x_wconf 84' lang='grc' dir='ltr'>Φοίβου,</span> <span class='ocrx_word' id='word_1_83' title='bbox 736 1104 856 1146; x_wconf 76' lang='grc' dir='ltr'>Λάιός</span> <span class='ocrx_word' id='word_1_84' title='bbox 882 1104 928 1151; x_wconf 73' lang='grc' dir='ltr'>θ’,</span> <span class='ocrx_word' id='word_1_85' title='bbox 956 1104 1073 1155; x_wconf 78' lang='grc' dir='ltr'>οὑμὸς</span> <span class='ocrx_word' id='word_1_86' title='bbox 1099 1106 1228 1151; x_wconf 86' lang='grc' dir='ltr'>πόσις,</span> <span class='ocrx_word' id='word_1_87' title='bbox 1470 1119 1509 1150; x_wconf 84' lang='grc'>35</span> 
     </span>
     <span class='ocr_line' id='line_1_16' title="bbox 278 1167 1123 1222; baseline 0.006 -15"><span class='ocrx_word' id='word_1_88' title='bbox 278 1167 346 1208; x_wconf 83' lang='grc' dir='ltr'>τὸν</span> <span class='ocrx_word' id='word_1_89' title='bbox 373 1168 578 1210; x_wconf 84' lang='grc' dir='ltr'>ἐκτεθέντα</span> <span class='ocrx_word' id='word_1_90' title='bbox 604 1173 725 1211; x_wconf 86' lang='grc' dir='ltr'>παῖδα</span> <span class='ocrx_word' id='word_1_91' title='bbox 749 1171 958 1221; x_wconf 85' lang='grc' dir='ltr'>μαστεύων</span> <span class='ocrx_word' id='word_1_92' title='bbox 981 1167 1123 1222; x_wconf 81' lang='grc' dir='ltr'>μαθεῖν</span> 
     </span>
     <span class='ocr_line' id='line_1_17' title="bbox 280 1234 1096 1287; baseline 0.004 -12"><span class='ocrx_word' id='word_1_93' title='bbox 280 1235 314 1275; x_wconf 87' lang='grc' dir='ltr'>εἶ</span> <span class='ocrx_word' id='word_1_94' title='bbox 337 1234 472 1286; x_wconf 80' lang='grc' dir='ltr'>μηκέτ’</span> <span class='ocrx_word' id='word_1_95' title='bbox 497 1238 569 1287; x_wconf 79' lang='grc' dir='ltr'>εἴη.</span> <span class='ocrx_word' id='word_1_96' title='bbox 644 1237 705 1277; x_wconf 87' lang='grc' dir='ltr'>καὶ</span> <span class='ocrx_word' id='word_1_97' title='bbox 730 1236 968 1287; x_wconf 79' lang='grc' dir='ltr'>ξυνάπτετον</span> <span class='ocrx_word' id='word_1_98' title='bbox 993 1239 1096 1279; x_wconf 89' lang='grc' dir='ltr'>πόδα</span> 
     </span>
     <span class='ocr_line' id='line_1_18' title="bbox 280 1301 1160 1358; baseline 0.002 -15"><span class='ocrx_word' id='word_1_99' title='bbox 280 1303 320 1343; x_wconf 84' lang='grc' dir='ltr'>ἐς</span> <span class='ocrx_word' id='word_1_100' title='bbox 344 1301 486 1343; x_wconf 81' lang='grc' dir='ltr'>ταύτὸν</span> <span class='ocrx_word' id='word_1_101' title='bbox 510 1302 630 1355; x_wconf 79' lang='grc' dir='ltr'>ἄμφω</span> <span class='ocrx_word' id='word_1_102' title='bbox 658 1304 836 1345; x_wconf 86' lang='grc' dir='ltr'>Φωκίδος</span> <span class='ocrx_word' id='word_1_103' title='bbox 861 1307 1032 1358; x_wconf 80' lang='grc' dir='ltr'>σχιστῆς</span> <span class='ocrx_word' id='word_1_104' title='bbox 1057 1306 1160 1346; x_wconf 80' lang='grc' dir='ltr'>ὁδοῦ.</span> 
     </span>
     <span class='ocr_line' id='line_1_19' title="bbox 280 1369 1041 1424; baseline 0.005 -16"><span class='ocrx_word' id='word_1_105' title='bbox 280 1369 346 1408; x_wconf 88' lang='grc' dir='ltr'>καί</span> <span class='ocrx_word' id='word_1_106' title='bbox 366 1386 427 1409; x_wconf 85' lang='grc' dir='ltr'>νιν</span> <span class='ocrx_word' id='word_1_107' title='bbox 453 1370 604 1410; x_wconf 83' lang='grc' dir='ltr'>κελεύει</span> <span class='ocrx_word' id='word_1_108' title='bbox 629 1369 754 1410; x_wconf 79' lang='grc' dir='ltr'>Λαΐου</span> <span class='ocrx_word' id='word_1_109' title='bbox 779 1370 1041 1424; x_wconf 82' lang='grc' dir='ltr'>τροχηλάτης·</span> 
     </span>
     <span class='ocr_line' id='line_1_20' title="bbox 273 1434 1509 1489; baseline 0.004 -15"><span class='ocrx_word' id='word_1_110' title='bbox 273 1434 329 1474; x_wconf 64' lang='lat'>&#39;⁹12</span> <span class='ocrx_word' id='word_1_111' title='bbox 355 1434 456 1486; x_wconf 80' lang='grc' dir='ltr'>ξένε,</span> <span class='ocrx_word' id='word_1_112' title='bbox 483 1436 688 1489; x_wconf 84' lang='grc' dir='ltr'>τυράννοις</span> <span class='ocrx_word' id='word_1_113' title='bbox 713 1438 891 1478; x_wconf 84' lang='grc' dir='ltr'>ἐκποδὼν</span> <span class='ocrx_word' id='word_1_114' title='bbox 915 1438 1148 1489; x_wconf 89' lang='grc' dir='ltr'>μεθίστασο.</span> <span class='ocrx_word' id='word_1_115' title='bbox 1466 1453 1509 1483; x_wconf 85' lang='grc'>40</span> 
     </span>
    </p>
   </div>
   <div class='ocr_carea' id='block_1_3' title="bbox 473 1502 482 1516">
    <p class='ocr_par' dir='ltr' id='par_1_3' title="bbox 473 1502 482 1516">
     <span class='ocr_line' id='line_1_21' title="bbox 473 1502 482 1516; baseline 0 0"><span class='ocrx_word' id='word_1_116' title='bbox 473 1502 482 1516; x_wconf 70' lang='lat'>5</span> 
     </span>
    </p>
   </div>
   <div class='ocr_carea' id='block_1_4' title="bbox 171 1501 1505 2351">
    <p class='ocr_par' dir='ltr' id='par_1_4' title="bbox 275 1501 1505 2092">
     <span class='ocr_line' id='line_1_22' title="bbox 278 1501 1370 1557; baseline 0.003 -16"><span class='ocrx_word' id='word_1_117' title='bbox 278 1501 299 1541; x_wconf 77' lang='grc' dir='ltr'><strong>ὃ</strong></span> <span class='ocrx_word' id='word_1_118' title='bbox 324 1502 356 1542; x_wconf 79' lang='grc' dir='ltr'>δ’</span> <span class='ocrx_word' id='word_1_119' title='bbox 383 1504 470 1555; x_wconf 81' lang='grc' dir='ltr'>εῖρπ</span> <span class='ocrx_word' id='word_1_120' title='bbox 509 1503 688 1550; x_wconf 79' lang='grc' dir='ltr'>ἄναυδος,</span> <span class='ocrx_word' id='word_1_121' title='bbox 717 1504 820 1557; x_wconf 82' lang='grc' dir='ltr'>μέγα</span> <span class='ocrx_word' id='word_1_122' title='bbox 846 1509 1018 1557; x_wconf 81' lang='grc' dir='ltr'>φρονῶν.</span> <span class='ocrx_word' id='word_1_123' title='bbox 1090 1509 1219 1545; x_wconf 89' lang='grc' dir='ltr'>πῶλοι</span> <span class='ocrx_word' id='word_1_124' title='bbox 1244 1505 1287 1546; x_wconf 87' lang='grc' dir='ltr'>δέ</span> <span class='ocrx_word' id='word_1_125' title='bbox 1310 1521 1370 1545; x_wconf 88' lang='grc' dir='ltr'>νιν</span> 
     </span>
     <span class='ocr_line' id='line_1_23' title="bbox 277 1569 1111 1623; baseline 0.005 -16"><span class='ocrx_word' id='word_1_126' title='bbox 277 1574 421 1621; x_wconf 78' lang='grc' dir='ltr'>χηλαῖς</span> <span class='ocrx_word' id='word_1_127' title='bbox 447 1569 631 1612; x_wconf 78' lang='grc' dir='ltr'>τένοντας</span> <span class='ocrx_word' id='word_1_128' title='bbox 659 1570 944 1623; x_wconf 73' lang='grc' dir='ltr'>ἐξεφοίνισσον</span> <span class='ocrx_word' id='word_1_129' title='bbox 969 1575 1111 1612; x_wconf 67' lang='grc' dir='ltr'>ποδῶν.</span> 
     </span>
     <span class='ocr_line' id='line_1_24' title="bbox 276 1636 1284 1690; baseline 0.003 -15"><span class='ocrx_word' id='word_1_130' title='bbox 276 1636 469 1677; x_wconf 80' lang='grc' dir='ltr'>ὅθεν-τί</span> <span class='ocrx_word' id='word_1_131' title='bbox 488 1638 629 1679; x_wconf 85' lang='grc' dir='ltr'>τάκτὸς</span> <span class='ocrx_word' id='word_1_132' title='bbox 654 1641 732 1678; x_wconf 86' lang='grc' dir='ltr'>τῶν</span> <span class='ocrx_word' id='word_1_133' title='bbox 758 1642 887 1679; x_wconf 82' lang='grc' dir='ltr'>κακῶν</span> <span class='ocrx_word' id='word_1_134' title='bbox 912 1656 959 1689; x_wconf 88' lang='grc' dir='ltr'>με</span> <span class='ocrx_word' id='word_1_135' title='bbox 985 1642 1046 1678; x_wconf 91' lang='grc' dir='ltr'>δεῖ</span> <span class='ocrx_word' id='word_1_136' title='bbox 1067 1638 1284 1690; x_wconf 77' lang='grc' dir='ltr'>λέγειν;-</span> 
     </span>
     <span class='ocr_line' id='line_1_25' title="bbox 279 1703 1161 1759; baseline 0.003 -17"><span class='ocrx_word' id='word_1_137' title='bbox 279 1707 370 1745; x_wconf 85' lang='grc' dir='ltr'>παῖς</span> <span class='ocrx_word' id='word_1_138' title='bbox 397 1703 547 1756; x_wconf 89' lang='grc' dir='ltr'>πατέρα</span> <span class='ocrx_word' id='word_1_139' title='bbox 574 1705 698 1745; x_wconf 89' lang='grc' dir='ltr'>καίνει</span> <span class='ocrx_word' id='word_1_140' title='bbox 725 1705 787 1745; x_wconf 89' lang='grc' dir='ltr'>καὶ</span> <span class='ocrx_word' id='word_1_141' title='bbox 811 1706 954 1756; x_wconf 83' lang='grc' dir='ltr'>λαβὼν</span> <span class='ocrx_word' id='word_1_142' title='bbox 978 1703 1161 1759; x_wconf 85' lang='grc' dir='ltr'>ὀχήματα</span> 
     </span>
     <span class='ocr_line' id='line_1_26' title="bbox 278 1771 823 1826; baseline 0.006 -17"><span class='ocrx_word' id='word_1_143' title='bbox 278 1771 456 1826; x_wconf 77' lang='grc' dir='ltr'>Πολύβῳ</span> <span class='ocrx_word' id='word_1_144' title='bbox 481 1774 625 1824; x_wconf 89' lang='grc' dir='ltr'>τροφεῖ</span> <span class='ocrx_word' id='word_1_145' title='bbox 649 1772 823 1812; x_wconf 87' lang='grc' dir='ltr'>δίδωσιν.</span> 
     </span>
     <span class='ocr_line' id='line_1_27' title="bbox 812 1838 1505 1891; baseline 0.004 -13"><span class='ocrx_word' id='word_1_146' title='bbox 812 1839 862 1880; x_wconf 83' lang='grc' dir='ltr'>ὡς</span> <span class='ocrx_word' id='word_1_147' title='bbox 887 1838 920 1879; x_wconf 86' lang='grc' dir='ltr'>δ’</span> <span class='ocrx_word' id='word_1_148' title='bbox 948 1838 1126 1891; x_wconf 76' lang='grc' dir='ltr'>ἐπεζάρει</span> <span class='ocrx_word' id='word_1_149' title='bbox 1464 1850 1505 1881; x_wconf 86' lang='grc'>45</span> 
     </span>
     <span class='ocr_line' id='line_1_28' title="bbox 277 1902 1301 1957; baseline 0.005 -15"><span class='ocrx_word' id='word_1_150' title='bbox 277 1902 413 1956; x_wconf 79' lang='grc' dir='ltr'>Σφὶγξ</span> <span class='ocrx_word' id='word_1_151' title='bbox 435 1905 656 1957; x_wconf 78' lang='grc' dir='ltr'>ἁρπαγαῖσι</span> <span class='ocrx_word' id='word_1_152' title='bbox 682 1906 800 1946; x_wconf 79' lang='grc' dir='ltr'>πόλιν</span> <span class='ocrx_word' id='word_1_153' title='bbox 828 1906 920 1956; x_wconf 86' lang='grc' dir='ltr'>ἐμός</span> <span class='ocrx_word' id='word_1_154' title='bbox 944 1905 978 1945; x_wconf 90' lang='grc' dir='ltr'>τ’</span> <span class='ocrx_word' id='word_1_155' title='bbox 1003 1905 1071 1945; x_wconf 83' lang='grc' dir='ltr'>οὐκ</span> <span class='ocrx_word' id='word_1_156' title='bbox 1098 1904 1144 1955; x_wconf 81' lang='grc' dir='ltr'>ἦν</span> <span class='ocrx_word' id='word_1_157' title='bbox 1169 1905 1301 1952; x_wconf 87' lang='grc' dir='ltr'>πόσις,</span> 
     </span>
     <span class='ocr_line' id='line_1_29' title="bbox 277 1969 1104 2025; baseline 0.001 -15"><span class='ocrx_word' id='word_1_158' title='bbox 277 1969 412 2022; x_wconf 86' lang='grc' dir='ltr'>Κρέων</span> <span class='ocrx_word' id='word_1_159' title='bbox 439 1972 615 2024; x_wconf 79' lang='grc' dir='ltr'>ἀδελφὸς</span> <span class='ocrx_word' id='word_1_160' title='bbox 642 1973 746 2023; x_wconf 75' lang='grc' dir='ltr'>τάμὰ</span> <span class='ocrx_word' id='word_1_161' title='bbox 773 1973 964 2025; x_wconf 88' lang='grc' dir='ltr'>κηρύσσει</span> <span class='ocrx_word' id='word_1_162' title='bbox 988 1972 1104 2025; x_wconf 83' lang='grc' dir='ltr'>λέχη,</span> 
     </span>
     <span class='ocr_line' id='line_1_30' title="bbox 275 2038 1105 2092; baseline 0.002 -15"><span class='ocrx_word' id='word_1_163' title='bbox 275 2038 386 2080; x_wconf 83' lang='grc' dir='ltr'>ὅστις</span> <span class='ocrx_word' id='word_1_164' title='bbox 411 2041 542 2091; x_wconf 87' lang='grc' dir='ltr'>σοφῆς</span> <span class='ocrx_word' id='word_1_165' title='bbox 568 2041 730 2092; x_wconf 80' lang='grc' dir='ltr'>αἴνιγμα</span> <span class='ocrx_word' id='word_1_166' title='bbox 756 2039 952 2092; x_wconf 85' lang='grc' dir='ltr'>παρθένου</span> <span class='ocrx_word' id='word_1_167' title='bbox 976 2039 1105 2091; x_wconf 85' lang='grc' dir='ltr'>μάθοι,</span> 
     </span>
    </p>

    <p class='ocr_par' dir='ltr' id='par_1_5' title="bbox 171 2130 1504 2351">
     <span class='ocr_line' id='line_1_31' title="bbox 218 2130 1504 2176; baseline 0 -15"><span class='ocrx_word' id='word_1_168' title='bbox 218 2141 258 2161; x_wconf 88' lang='lat'>22</span> <span class='ocrx_word' id='word_1_169' title='bbox 283 2130 418 2172; x_wconf 66' lang='grc' dir='ltr'>βρέφος]</span> <span class='ocrx_word' id='word_1_170' title='bbox 438 2140 633 2174; x_wconf 80' lang='lat' dir='ltr'>corruptum</span> <span class='ocrx_word' id='word_1_171' title='bbox 651 2146 658 2165; x_wconf 91' lang='lat'>:</span> <span class='ocrx_word' id='word_1_172' title='bbox 683 2135 807 2176; x_wconf 80' lang='grc' dir='ltr'>φρενός,</span> <span class='ocrx_word' id='word_1_173' title='bbox 826 2136 924 2176; x_wconf 79' lang='grc' dir='ltr'>ἄφνω,</span> <span class='ocrx_word' id='word_1_174' title='bbox 939 2135 1022 2176; x_wconf 76' lang='grc' dir='ltr'>ἄφαρ</span> <span class='ocrx_word' id='word_1_175' title='bbox 1038 2132 1099 2164; x_wconf 78' lang='lat' dir='ltr'>viri</span> <span class='ocrx_word' id='word_1_176' title='bbox 1117 2131 1205 2163; x_wconf 85' lang='lat' dir='ltr'>docti</span> <span class='ocrx_word' id='word_1_177' title='bbox 1321 2132 1426 2169; x_wconf 86' lang='lat'><strong>26-27</strong></span> <span class='ocrx_word' id='word_1_178' title='bbox 1451 2141 1504 2161; x_wconf 81' lang='lat' dir='ltr'>se-</span> 
     </span>
     <span class='ocr_line' id='line_1_32' title="bbox 174 2173 1504 2218; baseline 0.002 -15"><span class='ocrx_word' id='word_1_179' title='bbox 174 2173 272 2204; x_wconf 77' lang='lat' dir='ltr'>clusit</span> <span class='ocrx_word' id='word_1_180' title='bbox 290 2180 365 2213; x_wconf 81' lang='lat' dir='ltr'>post</span> <span class='ocrx_word' id='word_1_181' title='bbox 383 2175 662 2209; x_wconf 72' lang='lat' dir='ltr'>Valckenaerium</span> <span class='ocrx_word' id='word_1_182' title='bbox 682 2179 787 2218; x_wconf 71' lang='lat' dir='ltr'>Paley</span> <span class='ocrx_word' id='word_1_183' title='bbox 803 2191 809 2209; x_wconf 91' lang='lat'>:</span> <span class='ocrx_word' id='word_1_184' title='bbox 835 2179 950 2209; x_wconf 86' lang='lat' dir='ltr'>habuit</span> <span class='ocrx_word' id='word_1_185' title='bbox 968 2183 990 2211; x_wconf 78' lang='grc' dir='ltr'>Σ</span> <span class='ocrx_word' id='word_1_186' title='bbox 1052 2188 1094 2216; x_wconf 82' lang='grc' dir='ltr'>3ο</span> <span class='ocrx_word' id='word_1_187' title='bbox 1117 2177 1175 2208; x_wconf 79' lang='grc' dir='ltr'>τὸν</span> <span class='ocrx_word' id='word_1_188' title='bbox 1189 2176 1265 2215; x_wconf 71' lang='grc' dir='ltr'>ἐμὸν</span> <span class='ocrx_word' id='word_1_189' title='bbox 1282 2175 1308 2204; x_wconf 87' lang='lat' dir='ltr'>L</span> <span class='ocrx_word' id='word_1_190' title='bbox 1326 2186 1332 2205; x_wconf 90' lang='lat'>:</span> <span class='ocrx_word' id='word_1_191' title='bbox 1354 2176 1412 2207; x_wconf 78' lang='grc' dir='ltr'>τὸν</span> <span class='ocrx_word' id='word_1_192' title='bbox 1422 2176 1504 2214; x_wconf 84' lang='grc' dir='ltr'>ἐμῶν</span> 
     </span>
     <span class='ocr_line' id='line_1_33' title="bbox 174 2216 1504 2264; baseline 0.002 -15"><span class='ocrx_word' id='word_1_193' title='bbox 174 2216 200 2246; x_wconf 85' lang='grc' dir='ltr'><strong><em>Ρ</em></strong></span> <span class='ocrx_word' id='word_1_194' title='bbox 218 2228 224 2248; x_wconf 90' lang='lat'>:</span> <span class='ocrx_word' id='word_1_195' title='bbox 248 2221 312 2250; x_wconf 82' lang='grc' dir='ltr'>τῶν</span> <span class='ocrx_word' id='word_1_196' title='bbox 330 2221 411 2257; x_wconf 80' lang='grc' dir='ltr'>ἐμῶν</span> <span class='ocrx_word' id='word_1_197' title='bbox 428 2221 499 2252; x_wconf 83' lang='lat' dir='ltr'>rell.</span> <span class='ocrx_word' id='word_1_198' title='bbox 523 2222 643 2259; x_wconf 85' lang='grc' dir='ltr'>(πόνων</span> <span class='ocrx_word' id='word_1_199' title='bbox 660 2224 816 2262; x_wconf 84' lang='lat' dir='ltr'>primitus</span> <span class='ocrx_word' id='word_1_200' title='bbox 835 2224 885 2264; x_wconf 77' lang='lat' dir='ltr'>M)</span> <span class='ocrx_word' id='word_1_201' title='bbox 959 2233 997 2262; x_wconf 83' lang='lat'>31</span> <span class='ocrx_word' id='word_1_202' title='bbox 1017 2225 1125 2254; x_wconf 82' lang='grc' dir='ltr'>τεκεῖν</span> <span class='ocrx_word' id='word_1_203' title='bbox 1142 2220 1237 2251; x_wconf 89' lang='lat' dir='ltr'>codd.</span> <span class='ocrx_word' id='word_1_204' title='bbox 1251 2223 1285 2250; x_wconf 85' lang='lat' dir='ltr'>et</span> <span class='ocrx_word' id='word_1_205' title='bbox 1302 2223 1326 2252; x_wconf 84' lang='grc' dir='ltr'>Σ</span> <span class='ocrx_word' id='word_1_206' title='bbox 1343 2230 1350 2249; x_wconf 75' lang='lat' dir='ltr'>t</span> <span class='ocrx_word' id='word_1_207' title='bbox 1373 2217 1504 2259; x_wconf 80' lang='grc' dir='ltr'>τρέφειν</span> 
     </span>
     <span class='ocr_line' id='line_1_34' title="bbox 173 2260 1502 2306; baseline -0.003 -8"><span class='ocrx_word' id='word_1_208' title='bbox 173 2260 213 2290; x_wconf 83' lang='lat' dir='ltr'>C·</span> <span class='ocrx_word' id='word_1_209' title='bbox 229 2261 264 2294; x_wconf 82' lang='lat' dir='ltr'>F·</span> <span class='ocrx_word' id='word_1_210' title='bbox 281 2262 389 2302; x_wconf 68' lang='lat' dir='ltr'><strong>Nagel</strong></span> <span class='ocrx_word' id='word_1_211' title='bbox 469 2276 510 2304; x_wconf 82' lang='lat'>34</span> <span class='ocrx_word' id='word_1_212' title='bbox 537 2267 717 2306; x_wconf 73' lang='grc' dir='ltr'>φύσαντας]</span> <span class='ocrx_word' id='word_1_213' title='bbox 735 2267 894 2300; x_wconf 81' lang='grc' dir='ltr'>τεκόντας</span> <span class='ocrx_word' id='word_1_214' title='bbox 911 2267 1033 2298; x_wconf 80' lang='lat' dir='ltr'>Strabo</span> <span class='ocrx_word' id='word_1_215' title='bbox 1044 2266 1112 2296; x_wconf 79' lang='lat' dir='ltr'>xvi.</span> <span class='ocrx_word' id='word_1_216' title='bbox 1134 2276 1163 2305; x_wconf 86' lang='lat' dir='ltr'>p.</span> <span class='ocrx_word' id='word_1_217' title='bbox 1179 2266 1240 2304; x_wconf 84' lang='lat'>762</span> <span class='ocrx_word' id='word_1_218' title='bbox 1318 2265 1361 2303; x_wconf 85' lang='lat'>36</span> <span class='ocrx_word' id='word_1_219' title='bbox 1375 2261 1502 2303; x_wconf 79' lang='grc' dir='ltr'>μαθεῖν]</span> 
     </span>
     <span class='ocr_line' id='line_1_35' title="bbox 171 2307 1502 2351; baseline 0.002 -16"><span class='ocrx_word' id='word_1_220' title='bbox 171 2318 221 2345; x_wconf 72' lang='grc' dir='ltr'>γρ.</span> <span class='ocrx_word' id='word_1_221' title='bbox 244 2307 322 2339; x_wconf 81' lang='grc' dir='ltr'>ἰδεῖν</span> <span class='ocrx_word' id='word_1_222' title='bbox 338 2308 369 2337; x_wconf 90' lang='grc' dir='ltr'>Α</span> <span class='ocrx_word' id='word_1_223' title='bbox 385 2308 412 2337; x_wconf 85' lang='grc' dir='ltr'><em>Β</em></span> <span class='ocrx_word' id='word_1_224' title='bbox 432 2320 438 2339; x_wconf 88' lang='lat'>:</span> <span class='ocrx_word' id='word_1_225' title='bbox 461 2323 512 2350; x_wconf 70' lang='grc' dir='ltr'>γρ.</span> <span class='ocrx_word' id='word_1_226' title='bbox 534 2311 609 2342; x_wconf 85' lang='grc' dir='ltr'>ι’δὼν</span> <span class='ocrx_word' id='word_1_227' title='bbox 622 2316 657 2341; x_wconf 87' lang='lat' dir='ltr'>ut</span> <span class='ocrx_word' id='word_1_228' title='bbox 674 2310 809 2341; x_wconf 81' lang='lat' dir='ltr'>videtur</span> <span class='ocrx_word' id='word_1_229' title='bbox 824 2311 854 2341; x_wconf 96' lang='lat' dir='ltr'>V</span> <span class='ocrx_word' id='word_1_230' title='bbox 979 2322 1022 2349; x_wconf 81' lang='lat'>40</span> <span class='ocrx_word' id='word_1_231' title='bbox 1047 2311 1127 2351; x_wconf 80' lang='grc' dir='ltr'>ξένιε</span> <span class='ocrx_word' id='word_1_232' title='bbox 1145 2315 1181 2340; x_wconf 83' lang='lat' dir='ltr'>ut</span> <span class='ocrx_word' id='word_1_233' title='bbox 1198 2310 1332 2340; x_wconf 85' lang='lat' dir='ltr'>videtur</span> <span class='ocrx_word' id='word_1_234' title='bbox 1351 2308 1502 2349; x_wconf 85' lang='lat' dir='ltr'>primitus</span> 
     </span>
    </p>
   </div>
   <div class='ocr_carea' id='block_1_5' title="bbox 174 2348 1501 2439">
    <p class='ocr_par' dir='ltr' id='par_1_6' title="bbox 174 2348 1501 2439">
     <span class='ocr_line' id='line_1_36' title="bbox 174 2348 1501 2396; baseline -0.007 -4"><span class='ocrx_word' id='word_1_235' title='bbox 174 2348 206 2378; x_wconf 75' lang='grc' dir='ltr'>Μ</span> <span class='ocrx_word' id='word_1_236' title='bbox 226 2361 232 2379; x_wconf 76' lang='lat'><em>³</em></span> <span class='ocrx_word' id='word_1_237' title='bbox 257 2354 337 2391; x_wconf 62' lang='grc' dir='ltr'>ξεῖνε</span> <span class='ocrx_word' id='word_1_238' title='bbox 358 2352 382 2381; x_wconf 79' lang='lat' dir='ltr'>L</span> <span class='ocrx_word' id='word_1_239' title='bbox 398 2352 424 2381; x_wconf 80' lang='lat' dir='ltr'>P</span> <span class='ocrx_word' id='word_1_240' title='bbox 514 2363 554 2391; x_wconf 82' lang='lat'>43</span> <span class='ocrx_word' id='word_1_241' title='bbox 579 2367 617 2392; x_wconf 75' lang='grc' dir='ltr'>με</span> <span class='ocrx_word' id='word_1_242' title='bbox 635 2363 699 2384; x_wconf 76' lang='grc' dir='ltr'>ΟΠῚ·</span> <span class='ocrx_word' id='word_1_243' title='bbox 721 2354 753 2384; x_wconf 86' lang='grc' dir='ltr'><strong>Μ</strong></span> <span class='ocrx_word' id='word_1_244' title='bbox 871 2365 911 2393; x_wconf 86' lang='grc'>45</span> <span class='ocrx_word' id='word_1_245' title='bbox 937 2357 1072 2396; x_wconf 80' lang='grc' dir='ltr'>τροφεῖα</span> <span class='ocrx_word' id='word_1_246' title='bbox 1088 2355 1290 2391; x_wconf 78' lang='grc' dir='ltr'>καταβάλλει</span> <span class='ocrx_word' id='word_1_247' title='bbox 1307 2358 1352 2387; x_wconf 75' lang='grc' dir='ltr'>Σε</span> <span class='ocrx_word' id='word_1_248' title='bbox 1375 2351 1501 2394; x_wconf 60' lang='grc' dir='ltr'>τροφεῖ</span> 
     </span>
     <span class='ocr_line' id='line_1_37' title="bbox 174 2394 1501 2439; baseline 0.003 -13"><span class='ocrx_word' id='word_1_249' title='bbox 174 2394 290 2426; x_wconf 77' lang='grc' dir='ltr'>ἔδωκεν</span> <span class='ocrx_word' id='word_1_250' title='bbox 307 2396 434 2434; x_wconf 66' lang='lat' dir='ltr'>sprevit</span> <span class='ocrx_word' id='word_1_251' title='bbox 458 2395 587 2427; x_wconf 76' lang='lat' dir='ltr'>Porson</span> <span class='ocrx_word' id='word_1_252' title='bbox 670 2398 712 2435; x_wconf 72' lang='lat'>46</span> <span class='ocrx_word' id='word_1_253' title='bbox 737 2398 813 2438; x_wconf 63' lang='grc' dir='ltr'>φὶγξ</span> <span class='ocrx_word' id='word_1_254' title='bbox 830 2396 860 2427; x_wconf 79' lang='lat' dir='ltr'><strong>A</strong></span> <span class='ocrx_word' id='word_1_255' title='bbox 945 2409 984 2436; x_wconf 66' lang='lat'>47</span> <span class='ocrx_word' id='word_1_256' title='bbox 1004 2398 1101 2439; x_wconf 72' lang='grc' dir='ltr'>,τρέων</span> <span class='ocrx_word' id='word_1_257' title='bbox 1119 2399 1144 2430; x_wconf 89' lang='grc' dir='ltr'>δ’</span> <span class='ocrx_word' id='word_1_258' title='bbox 1164 2398 1195 2428; x_wconf 83' lang='grc' dir='ltr'><strong>Μ</strong></span> <span class='ocrx_word' id='word_1_259' title='bbox 1209 2398 1238 2428; x_wconf 80' lang='lat' dir='ltr'>V</span> <span class='ocrx_word' id='word_1_260' title='bbox 1252 2398 1277 2427; x_wconf 91' lang='lat' dir='ltr'>L</span> <span class='ocrx_word' id='word_1_261' title='bbox 1291 2402 1323 2428; x_wconf 78' lang='lat' dir='ltr'>ct</span> <span class='ocrx_word' id='word_1_262' title='bbox 1340 2397 1460 2428; x_wconf 81' lang='lat' dir='ltr'>lemma</span> <span class='ocrx_word' id='word_1_263' title='bbox 1478 2401 1501 2430; x_wconf 83' lang='grc' dir='ltr'>Σ</span> 
     </span>
    </p>
   </div>
  </div>
 </body>
</html>
