1658 2740
685 120 911 157 ΒΑΚΧΑΙ

1162 193 1194 222 '7

235 222 448 274 κεκτήμεθ’,
475 223 601 265 οὐδεὶς
626 223 723 264 αὐτὰ
749 227 970 274 καταβαλεῖ
992 225 1125 276 λόγος,

235 290 315 330 οὐδ’
342 292 374 330 εἰ
400 290 448 330 δι’
474 289 603 342 ἄκρων
628 290 672 330 τὸ
699 289 831 342 σοφὸν
857 290 1019 342 ηὕρηται
1045 293 1215 342 φρενῶν.

236 359 317 408 ἐρεῖ
339 374 396 399 τις
423 357 473 398 ὡς
498 356 542 396 τὸ
569 359 689 409 γῆρας
715 356 783 396 οὐκ
808 357 1060 409 αἰσχύνομαι,

234 423 394 474 μέλλων
417 423 596 476 χορεύειν
623 425 742 475 κρᾶτα
769 423 976 464 κισσώσας
1001 422 1116 474 ἐμόν;
1400 436 1462 466 205

238 490 281 530 οὐ
307 492 382 542 γὰρ
406 488 558 546 διῄρηχ’
586 490 606 528 ὁ
631 489 731 535 θεός,
760 489 848 530 οὔτε
873 489 942 530 τὸν
967 488 1056 530 νέον

237 558 270 597 εἰ
298 556 374 609 χρὴ
399 556 577 610 χορεύειν
604 556 692 596 οὔτε
718 555 786 596 τὸν
811 557 1049 608 γεραίτερον,

238 623 329 663 ἀλλ’
356 622 402 673 ἐξ
423 621 609 663 ἁπάντων
634 623 828 674 βούλεται
852 624 964 673 τιμὰς
990 621 1098 676 ἔχειν

239 688 383 735 κοινάς,
411 688 460 729 δι’
486 690 662 742 ἀριθμῶν
689 688 722 728 δ’
749 689 861 730 οὐδὲν
886 688 1078 739 αὔξεσθαι
1102 688 1222 729 θέλει.

140 759 211 796 Κα.
241 756 326 797 ἐπεὶ
352 755 401 796 σὺ
427 755 593 808 φέγγος,
621 756 821 808 Τειρεσία,
850 754 930 795 τόδ’
955 756 1029 809 οὐχ
1055 755 1155 810 ὁρᾷς,
1402 767 1464 789 ²10

239 823 316 874 ἐγὼ
341 821 547 875 προφήτης
575 839 641 862 σοι
667 823 802 874 λόγων
825 821 1057 874 γενήσομαι.

240 888 415 931 Πενθεὺς
441 888 538 941 πρὸς
564 890 692 932 οἴκους
719 890 784 929 ὅδε
809 890 872 929 διὰ
897 891 1072 940 σπουδῆς
1097 889 1205 942 περᾷ,

240 955 426 1008 Ἐχίονος
451 959 554 1002 παῖς,
583 954 614 1010 ᾦ
642 955 780 1007 κράτος
805 956 942 1006 δίδωμι
967 958 1050 1007 γῆς.

241 1021 292 1063 ὡς
317 1022 518 1072 ἐπτόηται·
557 1023 598 1062 τί
620 1022 707 1063 ποτ’
733 1024 816 1073 ἐρεῖ
838 1022 1046 1073 νεώτερον;

140 1095 381 1125 ΠΕΝΘΕΥΣ

241 1155 406 1205 ἔκδημος
433 1153 486 1194 ὢν
510 1156 582 1205 μὲν
608 1153 722 1205 τῆσδ’
747 1154 966 1208 ἐτύγχανον
991 1155 1146 1208 χθονός,
1405 1166 1467 1196 215

243 1221 347 1262 κλύω
373 1217 414 1261 δὲ
440 1222 591 1274 νεοχμὰ
616 1219 724 1270 τήνδ’
750 1221 824 1262 ἀνὰ
848 1221 990 1262 πτόλιν
1016 1220 1128 1267 κακά,

242 1292 428 1341 γυναῖκας
455 1287 548 1338 ἡμῖν
575 1286 720 1338 δώματ’
746 1287 1024 1328 ἐκλελοιπέναι

243 1357 466 1409 πλασταῖσι
492 1355 765 1407 βακχείαισιν,
792 1355 834 1395 ἐν
858 1356 901 1395 δὲ
926 1355 1102 1396 δασκίοις

242 1423 353 1474 ὄρεσι
378 1419 545 1472 θοάζειν,
575 1419 644 1461 τὸν
669 1421 813 1462 νεωστὶ
838 1422 1003 1472 δαίμονα

245 1487 458 1534 Διόνυσον,
484 1488 596 1529 ὅστις
623 1487 722 1534 ἔστι,
748 1487 923 1539 τιμώσας
947 1491 1096 1542 χοροῖς·
1407 1499 1472 1521 220

243 1553 406 1605 πλήρεις
433 1556 473 1594 δὲ
501 1551 656 1595 θιάσοις
682 1555 724 1594 ἐν
748 1554 935 1606 μέσοισιν
960 1552 1126 1595 ἑστάναι

246 1622 449 1672 κρατῆρας,
477 1619 608 1671 ἄλλην
634 1620 667 1660 δ’
693 1620 837 1660 ἄλλοσ’
864 1622 918 1663 εἰς
943 1622 1104 1673 ἐρημίαν

245 1687 514 1728 πτώσσουσαν
543 1685 672 1728 εὐναῖς
697 1685 876 1738 ἀρσένων
901 1688 1120 1739 ὑπηρετεῖν,

246 1754 450 1805 πρόφασιν
475 1754 546 1803 μὲν
573 1752 623 1794 ὡς
648 1752 693 1802 δὴ
719 1752 910 1803 μαινάδας
936 1753 1162 1798 θυοσκόους,

247 1819 318 1869 τὴν
343 1819 375 1860 δ’
401 1818 645 1871 Ἀφροδίτην
672 1818 814 1871 πρόσθ’
840 1818 950 1871 ἄγειν
974 1822 1043 1859 τοῦ
1070 1819 1255 1872 Βακχίου.
1408 1829 1472 1860 225

312 1886 411 1928 ὅσας
435 1888 506 1936 μὲν
531 1885 600 1925 οὖν
621 1887 782 1938 εἴληφα,
810 1885 993 1936 δεσμίους
1017 1885 1138 1938 χέρας

248 1951 415 2008 σῴζουσι
440 1950 680 2002 πανδήμοισι
707 1952 932 2012 πρόσπολοι
959 1951 1133 2004 στέγαις·

190 2056 253 2076 202
278 2045 372 2085 αὐτὰ]
392 2047 472 2083 δῆτα
490 2043 678 2083 Dalmeyda
818 2047 1000 2081 καταβαλεῖ
1013 2043 1185 2083 Scaliger:
1205 2042 1407 2080 καταβάλλει
1426 2041 1471 2073 L:

147 2089 342 2127 καταβάλλη
360 2088 386 2118 Ρ
537 2097 601 2125 203
626 2088 721 2129 ἄκρας
739 2111 745 2118 .
770 2112 776 2118 .
795 2112 802 2119 .
823 2087 937 2129 φρενός
956 2088 1039 2117 Plut.
1061 2088 1080 2119 l.
1095 2098 1124 2118 C.
1259 2087 1386 2127 εὕρηται
1407 2085 1433 2114 L
1448 2085 1472 2114 P

147 2142 210 2170 204
251 2133 326 2173 ἀρεῖ,
361 2136 396 2162 ut
428 2131 568 2167 videtur,
603 2131 758 2170 primitus
790 2131 816 2161 P
970 2140 1033 2168 205
1072 2130 1226 2172 χωρεύειν
1258 2129 1413 2168 primitus
1448 2128 1473 2158 P

148 2176 212 2204 206
227 2185 279 2214 sq.
293 2177 367 2206 οὔτε
383 2198 390 2205 .
410 2199 416 2206 .
438 2200 445 2206 .
466 2176 540 2206 οὔτε
551 2173 737 2205 Matthiae:
762 2176 827 2206 εἴτε
848 2198 855 2206 .
875 2197 882 2204 .
903 2197 910 2204 .
932 2177 996 2206 εἴτε
1015 2174 1040 2203 L
1053 2173 1079 2203 P
1096 2185 1103 2204 ε
1126 2184 1193 2213 quo
1208 2177 1342 2203 servato
1359 2169 1471 2214 χρῄζει

148 2228 209 2257 pro
234 2219 262 2250 εἰ
285 2219 348 2259 χρὴ
366 2216 545 2248 XVecklein
651 2228 713 2256 207
738 2217 886 2258 χηρεύειν
911 2217 937 2246 Ρ
1041 2227 1105 2256 209
1130 2216 1219 2247 delet
1245 2216 1472 2254 Bernhardy:

148 2263 314 2302 διαριθμῶν
327 2261 353 2292 δ’
369 2259 468 2292 οὐδέν’
480 2260 595 2290 Heath
686 2270 750 2291 210
765 2267 816 2293 Τε.
836 2261 880 2291 L:
901 2271 964 2292 om.
983 2260 1009 2290 Ρ
1098 2261 1160 2299 215'
1178 2258 1268 2298 τήνδ’
1281 2258 1433 2298 primitus
1447 2258 1473 2288 P

148 2314 209 2342 217
235 2302 352 2344 δώματ’
366 2304 413 2334 L:
439 2303 560 2344 σώματ’
580 2303 607 2334 P
715 2314 778 2335 220
802 2303 945 2336 διόνυσος
965 2304 991 2333 Ρ
1102 2314 1164 2342 227
1189 2302 1361 2341 πανδήμοις
1381 2302 1407 2332 L
1422 2301 1448 2331 P
1466 2313 1472 2332 :

147 2357 231 2378 corr.
251 2347 263 2377 l
372 2346 504 2388 στέγαις
523 2347 572 2378 L:
596 2346 700 2387 δόμοις
720 2347 746 2376 Ρ
