1658 2740
422 112 773 149 ΕΥΡΙΠΙΔΟΥ
820 113 1150 150 ΦΟΙΝΙΣΣΑΙ

128 223 195 258 Ar.
493 216 580 258 ἅλις
606 216 830 269 ὀδυρμάτων
855 217 970 267 ἐμῶν.

126 287 188 323 Οι.
431 283 481 323 σὺ
507 282 539 322 δ’
565 283 666 335 ἀμφὶ
691 283 867 335 βωμίους
892 285 1003 324 λιτὰς
1029 317 1036 325 .
1067 316 1074 324 .

127 355 193 389 Αν.
495 351 608 402 κόρον
634 350 769 404 ἔχουσ’
797 351 900 401 ἐμῶν
926 354 1067 390 κακῶν.
1369 363 1453 394 1750

125 419 186 456 Οι,
427 415 479 458 ἴθ’
502 418 609 457 ἀλλὰ
636 417 800 469 Βρόμιος
825 418 889 457 ἵνα
913 433 956 456 τε
980 416 1101 467 σηκὸς

495 483 645 534 ἄβατος
668 485 779 536 ὄρεσι
803 482 1015 534 μαινάδων.

126 553 193 590 An.
426 551 625 600 Καδμείαν
649 549 677 605 ᾧ
700 551 864 602 νεβρίδα

427 616 759 667 στολιδωσαμένα
783 616 869 657 ποτ’
895 617 972 669 ἐγὼ
997 616 1175 669 Σεμέλας
1374 630 1454 661 Ι755

293 683 434 722 θίασον
463 683 566 734 ἱερὸν
593 685 728 735 ὄρεσιν
754 684 1013 736 ἀνεχόρευσα,

291 747 408 802 χάριν
434 748 624 802 ἀχάριτον
651 750 691 791 ἐς
717 749 829 791 θεοὺς
854 752 1036 797 διδοῦσα;

122 817 188 856 Οι.
225 813 254 855 ὦ
281 815 430 867 πάτρας
456 818 613 866 κλεινῆς
641 819 812 862 πολῖται,
841 816 1042 863 λεύσσετ’,
1069 818 1260 859 Οἰδίπους
1285 818 1364 863 ὅδε,

225 881 266 924 ὃς
291 884 338 922 τὰ
363 881 484 922 κλείν’
513 882 712 935 αἰνίγματ’
737 883 838 935 ἔγνω
867 884 928 924 καὶ
953 882 1144 936 μέγιστος
1168 882 1216 934 ἣν
1241 882 1350 936 ἀνήρ,

225 948 267 990 ὃς
291 949 411 994 μόνος
437 949 615 1002 Σφιγγὸς
644 948 844 1004 κατέσχον
869 952 939 1001 τῆς
965 951 1179 1003 μιαιφόνου
1206 950 1339 1003 κράτη,
1372 953 1455 994 ¹760

226 1019 295 1056 νῦν
320 1015 456 1066 ἄτιμος
482 1016 596 1058 αὐτὸς
623 1016 777 1069 οἰκτρὸς
803 1016 1064 1068 ἐξελαύνομαι
1088 1017 1245 1071 χθονός.

224 1083 329 1122 ἀλλὰ
354 1084 429 1135 γὰρ
453 1084 496 1124 τί
515 1086 636 1124 ταῦτα
664 1086 791 1136 θρηνῶ
818 1085 880 1124 καὶ
906 1083 1033 1135 μάτην
1057 1084 1262 1136 ὀδύρομαι;

223 1150 292 1191 τὰς
316 1151 391 1202 γῖιρ
417 1151 460 1190 ἐκ
485 1152 584 1191 θεῶν
610 1150 784 1204 ἀνάγκας
812 1150 953 1202 θνητὸν
979 1152 1074 1191 ὄντα
1098 1153 1159 1192 δεῖ
1175 1150 1324 1204 φέρειν.

124 1253 194 1291 Xo.
425 1248 455 1291 ὦ
479 1251 582 1304 μέγα
607 1252 732 1303 σεμνὴ
759 1254 876 1302 Νίκη,
902 1252 969 1293 τὸν
995 1251 1091 1303 ἐμὸν

423 1319 564 1369 βίοτον
591 1318 771 1372 κατέχοις
1373 1324 1454 1363 1765

496 1385 557 1425 καὶ
582 1385 634 1436 μὴ
660 1385 799 1438 λήγοις
826 1389 1098 1438 στεφανοῦσα.

169 1486 250 1516 1749
275 1482 321 1509 Οι.
353 1478 431 1508 add.
451 1476 504 1508 vel
533 1487 634 1508 rescr.
666 1478 715 1508 M2
895 1479 1108 1518 ἆμφιβωμίοις
1137 1481 1242 1511 λιταῖς
1274 1479 1454 1510 Wecklein

126 1530 202 1559 1751
231 1521 331 1551 verba
356 1526 403 1552 02.
422 1520 459 1552 ἴθ’
478 1531 592 1551 rasura
619 1521 729 1551 deleta
758 1522 791 1550 in
820 1521 871 1552 P:
901 1522 1049 1552 Chorum
1077 1531 1146 1552 non
1172 1522 1262 1561 loqui
1289 1528 1405 1554 monet
1431 1528 1454 1556 Σ

119 1564 268 1602 μαινάδος
287 1563 335 1594 Β;
361 1574 447 1595 corr.
469 1563 513 1594 13²
632 1574 712 1603 1753
739 1570 793 1596 Αν.
814 1575 878 1595 om.
901 1565 927 1595 L
945 1564 970 1594 Ρ
1079 1565 1236 1604 καδμείων
1253 1565 1407 1605 primitus
1425 1566 1453 1597 Β

121 1606 160 1647 ᾧ]
179 1608 222 1638 ὠ
238 1606 293 1637 M:
319 1617 403 1638 corr.
423 1606 495 1638 Μ’-ἐ
520 1607 583 1639 «ὧηῑ
603 1608 630 1638 Β
650 1619 656 1638 :
682 1608 726 1647 ὠὴ
747 1608 793 1638 L:
820 1609 877 1646 ἰωὴ
898 1608 950 1639 O:
982 1607 1020 1649 (ᾧ
1031 1609 1069 1647 Σ)
1238 1618 1318 1649 1754
1344 1617 1454 1642 στολι-

121 1649 322 1689 σαμέναΑῐ,
337 1650 362 1680 P
374 1661 393 1680 v
484 1660 564 1690 1755
590 1651 731 1690 σεμέλης
751 1651 777 1681 L
876 1652 959 1691 1756
982 1653 1109 1692 οὔρεσιν
1127 1650 1153 1681 Ρ
1245 1662 1325 1692 1757
1343 1654 1453 1694 ἀχάρι-

121 1707 201 1725 στον
225 1694 346 1725 codd.:
382 1704 465 1725 corr.
495 1694 647 1735 Elmsley
846 1696 1038 1734 1758—1759
1063 1694 1129 1726 del.
1150 1695 1386 1726 Valckenaer:
1411 1697 1450 1728 cf.

120 1737 227 1776 Soph.
259 1737 298 1768 O.
325 1737 364 1768 T.
388 1747 469 1776 1524
492 1748 540 1777 sq.
702 1739 783 1777 1758
808 1745 856 1773 οι.
885 1749 947 1770 om.
974 1739 999 1769 L
1153 1742 1282 1777 κλεινῆς
1310 1741 1455 1771 novicii:

119 1782 238 1812 κλεινοὶ
257 1781 352 1811 codd.
469 1792 551 1821 1759
577 1782 675 1824 ἔγνω]
697 1783 798 1824 ἔγνων
814 1784 846 1814 V
957 1786 1040 1823 1760
1064 1782 1246 1824 κατέσχον]
1265 1783 1411 1824 κατέσχε
1429 1784 1456 1814 Ρ

119 1823 295 1864 κατέσχον“
319 1824 451 1862 ἐνίκησα
463 1826 482 1864 ἢ
498 1826 600 1867 ἔγνων
618 1831 642 1860 Σ
654 1827 681 1857 Β
757 1827 875 1868 apd-m}
893 1841 945 1869 γρ.
964 1829 1044 1869 κάρα
1056 1833 1080 1862 Σ
1093 1828 1121 1859 Β
1207 1828 1287 1867 1761
1315 1829 1370 1859 νῦν
1386 1828 1413 1859 δ’
1429 1827 1456 1858 Ρ

119 1869 246 1909 οἰκτρῶς
267 1868 389 1898 novicii
539 1870 622 1908 1762
647 1872 736 1902 ἀλλὰ
762 1872 825 1912 γὰρ
848 1871 898 1903 P:
923 1873 1003 1912 ἀτὰρ
1027 1873 1119 1903 rell.:
1144 1872 1233 1903 ἀλλὰ
1248 1881 1352 1911 supra
1374 1872 1454 1913 ἀτὰρ

119 1920 181 1941 scr.
207 1910 249 1941 132
396 1913 478 1952 1763
503 1915 539 1945 ἐκ
558 1917 636 1945 θεῶν
657 1924 722 1945 om.
750 1914 777 1944 P
898 1916 980 1954 1764
1004 1920 1062 1947 Xo.
1085 1925 1149 1946 om.
1174 1914 1206 1944 M
1221 1914 1269 1945 L:
1293 1915 1368 1946 add.
1383 1914 1457 1945 M2l

122 1955 204 1993 1766
228 1955 278 1986 καὶ
304 1965 369 1986 om.
394 1956 443 1986 L:
469 1966 600 1987 erasum
624 1958 657 1988 in
684 1957 710 1987 P
882 1958 994 2000 λόγοις
1013 1958 1178 1998 primitus,
1201 1962 1235 1989 ut
1256 1958 1400 1997 videtur,
1426 1958 1452 1988 Β

119 1998 152 2027 in
175 1998 240 2028 fine
259 1999 414 2039 εὐριπίδου
438 2000 600 2040 φοίνισσαι
618 2000 651 2030 Μ
672 2012 679 2031 :
706 2001 802 2034 τέλος
823 2002 979 2044 εὐριπίδου
1001 2005 1177 2042 φοινισσῶν
1197 2001 1251 2033 A:
1275 2001 1372 2033 τέλος
1391 2005 1455 2033 τῶν

119 2045 294 2081 φοινισσῶν
317 2043 474 2083 εὐριπίδου
501 2044 546 2075 Β;
574 2043 670 2076 τέλος
693 2049 871 2086 φοινισσῶν
888 2045 1046 2086 εὐριπίδου
1070 2045 1116 2076 P:
1140 2045 1343 2085 subscriptio
1360 2045 1454 2076 deest

121 2085 153 2114 in
177 2084 270 2115 VL:
305 2085 400 2118 τέλος
423 2089 481 2118 τοῦ
500 2090 564 2119 τῶν
589 2091 764 2128 φοινισσῶν
787 2087 943 2129 δράματος
967 2089 1122 2129 εὐριπίδου
1146 2094 1182 2119 ut
1203 2088 1336 2119 videtur
1357 2088 1370 2118 l
