1622 2740
649 151 717 187 EA
732 151 760 187 E
773 150 806 186 N
822 151 855 186 H

257 254 348 305 περί
369 253 402 294 τ’
424 254 598 294 ἐπέτασα
622 253 721 307 χέρα

391 322 527 372 φίλιον
552 322 593 360 ἐν
617 325 743 374 μακρᾷ
769 320 895 372 φλογὶ
921 321 1158 374 φαεσφόρῳ.

92 389 167 426 Me.
191 387 296 438 κάγὼ
323 386 383 426 σέ·
422 387 597 428 πολλοὺς
621 386 654 426 δ’
680 388 721 426 ἐν
745 386 855 440 μέσῳ
880 387 1024 438 λόγους
1050 387 1154 439 ἔχων
1351 390 1415 431 630

191 453 259 492 οὐκ
285 452 356 492 οἶδ’
382 454 515 493 ὁποίου
541 457 695 505 πρῶτον
719 451 895 504 ἄρξωμαι
919 455 967 492 τὰ
992 457 1073 494 νῦν.

93 522 165 559 Ελ.
260 518 421 570 γέγηθα,
450 520 558 571 κρατὶ
583 519 615 559 δ’
640 520 793 571 ὀρθίους
823 520 975 571 ἐθείρας

257 585 505 638 ἀνεπτέρωκα
531 586 592 625 καὶ
618 586 734 637 δάκρυ
762 586 998 632 σταλάσσω),

391 653 480 705 περὶ
505 654 546 692 δὲ
571 655 660 705 γυῖα
684 652 805 705 χέρας
832 653 996 703 ἔβαλον,
1023 651 1179 702 ἡδονάν,

523 717 552 758 ὦ
578 719 709 763 πόσις,
739 719 790 760 ὡς
815 718 947 769 λάβω.
1352 723 1414 762 635

93 789 166 825 Me.
256 784 285 825 ὦ
311 785 482 838 φιλτάτη
509 786 721 837 πρόσοψις,
751 785 818 824 οὐκ
846 785 1066 837 ἐμέμφθην·

254 853 333 905 ἔχω
358 854 404 892 τῖι
429 855 496 903 τῆς
525 853 620 893 Διός
646 869 687 892 τε
713 851 859 904 λέκτρα
886 851 1015 902 Λήδας
1041 852 1088 898 θ’,

389 919 436 959 ἂν
461 919 535 959 ὑπὸ
560 919 778 970 λαμπάδων
806 920 913 970 κόροι
938 919 1147 959 λεύκιπποι

455 985 738 1036 ξυνομαίμονες
766 986 952 1035 ὤλβισαν
977 985 1162 1036 ὤλβισαν
1351 988 1415 1029 640

188 1051 232 1092 τὸ
258 1052 445 1104 πρόσθεν,
474 1053 516 1091 ἐκ
541 1052 669 1102 δόμων
695 1053 735 1092 δὲ
763 1052 966 1103 νοσφίσας
993 1051 1031 1090 σ’
1057 1053 1150 1102 ἐμοῦ

453 1117 550 1170 πρὸς
573 1117 702 1158 ἄλλαν
728 1118 885 1158 ἐλαύνει

388 1183 476 1226 θεὸς
501 1185 712 1236 συμφορὰν
740 1186 861 1224 τᾶσδε
888 1184 1076 1236 κρείσσω.

181 1251 226 1291 τὸ
252 1254 369 1291 κακὸν
394 1250 426 1291 δ’
452 1250 601 1303 ἀγαθὸν
627 1250 675 1291 σέ
699 1267 742 1291 τε
769 1251 866 1301 κάμὲ
892 1250 1108 1303 συνάγαγε,
1135 1251 1257 1292 πόσιν

386 1318 560 1370 χρόνιον,
587 1316 680 1357 ἀλλ’
707 1318 811 1368 ὅμως
836 1317 1002 1368 ὀναίμαν
1027 1317 1161 1370 τύχας.
1350 1319 1414 1361 645

89 1387 161 1425 xo.
183 1385 293 1424 ὄναιο
317 1385 426 1434 δῆτα.
495 1383 616 1424 ταύτὰ
643 1383 688 1434 δὴ
715 1382 964 1437 ξυνεύχομαι·

188 1453 295 1492 δυοῖν
320 1452 394 1504 γὰρ
419 1452 550 1491 ὄντοιν
575 1449 648 1503 οὐχ
674 1449 694 1490 ὃ
720 1452 793 1501 μὲν
819 1449 992 1501 τλήμων,
1019 1449 1040 1490 ὃ
1064 1450 1096 1490 δ’
1122 1451 1179 1491 οὔ.

91 1520 164 1559 Ελ.
456 1518 573 1569 φίλαι
600 1518 729 1569 φίλαι,
757 1518 806 1557 τᾶ
831 1516 955 1569 πάρος
980 1517 1110 1559 οὐκέτι

520 1583 714 1635 στένομεν
740 1583 820 1624 οὐδ’
846 1584 970 1636 ἀλγῶ.

520 1651 641 1692 πόσιν
669 1651 764 1701 ἐμὸν
793 1651 938 1703 ἔχομεν
962 1647 1151 1704 [ἕχομεν,]
1178 1649 1224 1691 ὃν
1248 1647 1415 1702 [ἔμενον]

131 1744 195 1774 628
211 1744 282 1785 περί
296 1743 326 1776 τ’
345 1743 487 1777 ἐπέτασα
505 1744 683 1776 Hermann
700 1756 707 1775 :
733 1743 977 1786 περιπετοίσασα
994 1744 1020 1773 L
1033 1743 1057 1774 P
1146 1742 1227 1785 χέρα
1242 1742 1280 1772 L¹
1293 1742 1344 1773 vel
1364 1742 1414 1781 L2‚

88 1787 150 1818 sed
179 1801 199 1819 α
228 1797 332 1826 super
356 1798 504 1818 rasuram
536 1789 663 1827 scripto
845 1788 998 1826 630—683
1022 1786 1225 1826 paragraphi
1251 1796 1311 1825 pro
1342 1796 1417 1825 per-

89 1840 248 1861 sonarum
276 1831 366 1862 notis
394 1831 427 1861 in
458 1832 493 1871 L,
522 1836 665 1871 excepto
688 1832 752 1870 656
779 1837 835 1863 Ελ.
974 1831 1035 1869 631
1063 1831 1191 1872 ἄρξομαι
1214 1829 1303 1860 LP:
1330 1839 1414 1860 corr.

92 1873 268 1904 Hermann
368 1876 431 1913 633
445 1874 554 1916 δάκρυ]
572 1875 646 1916 δάρυ
662 1875 688 1905 Ρ
789 1875 854 1913 634
874 1877 983 1915 χεῖρας
996 1873 1022 1903 L
1033 1873 1060 1903 P
1156 1874 1220 1912 635
1237 1874 1278 1905 ὡς
1290 1873 1383 1909 λάβω
1394 1872 1417 1903 ὦ

88 1916 180 1949 πόσις
199 1917 272 1957 LP,
293 1918 366 1949 trai.
384 1918 534 1956 Elmsley
636 1918 702 1957 636
727 1917 830 1948 verba
856 1917 878 1948 ὦ
909 1917 1054 1957 φιλτάτη
1080 1915 1234 1957 πρόσοψις
1260 1915 1417 1946 Helenae

89 1961 283 1992 continuant
303 1961 328 1990 L
342 1961 386 1992 P:
411 1971 494 1991 corr.
516 1960 639 1999 Reisig
727 1961 790 2000 637
816 1963 874 1999 τῆς
902 1960 1087 1990 Schaefer:
1112 1962 1170 1991 τοῦ
1187 1958 1213 1988 L
1228 1958 1254 1988 P
1342 1958 1416 1990 Διός

88 2018 124 2036 τε
144 2004 282 2044 Reisig:
307 2005 369 2036 διὸς
388 2004 452 2034 LP
576 2004 675 2042 λήδας
692 2017 728 2036 τε
748 2004 774 2034 L
789 2003 814 2033 P
833 2015 839 2033 :
863 2003 904 2034 τὰ
927 2005 987 2040 τῆς
1010 2002 1113 2040 Λήδας
1138 2001 1213 2034 Διός
1235 2015 1274 2033 τε
1298 2001 1418 2042 λέκτρα

90 2047 329 2087 Wilamowitz,
365 2057 408 2077 ne
440 2047 473 2077 in
506 2047 703 2078 catalectico
735 2046 919 2077 elideretur
1097 2046 1159 2084 641
1194 2044 1228 2077 δὲ
1260 2045 1417 2085 νοσφίσας

90 2091 242 2131 Elmsley
259 2102 266 2122 :
291 2090 317 2122 δ’
343 2090 520 2131 ἐνόσφισαν
536 2090 600 2122 θεοί
624 2090 650 2120 L
663 2090 699 2129 P,
718 2089 758 2120 cf.
777 2100 807 2120 v.
826 2094 1025 2128 sequentem
1136 2087 1166 2119 σ’
1179 2090 1254 2128 ἐμοῦ
1275 2087 1395 2118 Portus
1411 2099 1418 2118 :

91 2133 121 2166 σ’
138 2137 216 2174 ὁμοῦ
234 2134 260 2164 L
274 2133 301 2164 P
432 2134 498 2172 642
522 2134 627 2165 ἄλλαν
645 2132 815 2172 Elmsley:
834 2133 940 2164 ἄλλαν
956 2134 982 2164 δ’
995 2133 1021 2162 L
1033 2132 1061 2162 P
1172 2132 1237 2170 644
1262 2130 1418 2161 Helenae

90 2177 206 2208 tribuit
223 2177 400 2208 Hermann
504 2177 670 2216 συνάγαγε
686 2175 781 2207 πόσιν
800 2176 825 2205 L
841 2175 866 2205 P
883 2186 890 2205 :
923 2175 1118 2216 συνάγαγεν,
1138 2175 1161 2207 ὦ
1180 2175 1256 2207 πόσι
1275 2174 1422 2205 Dindorf

89 2221 154 2259 646
171 2226 227 2253 Χο.
248 2220 500 2251 Wilamowitz:
526 2225 586 2251 Με.
604 2219 776 2259 Tyrwhitt
793 2230 800 2249 z
821 2218 976 2249 Helenae
990 2218 1141 2249 tribuunt
1154 2219 1180 2248 L
1195 2218 1221 2248 P
1317 2218 1420 2250 ταῦτὰ

91 2265 169 2303 (sic)
191 2268 227 2294 ut
244 2263 377 2293 videtur
389 2263 415 2293 L
432 2274 439 2293 :
463 2265 567 2295 ταῦτα
584 2262 610 2293 Ρ
740 2263 802 2300 647
829 2264 914 2293 δυοῖν
931 2261 970 2302 lp
988 2261 1059 2303 (vel
1087 2261 1126 2291 L²
1140 2261 1196 2303 1³2>
1215 2273 1223 2292 τ
1249 2265 1336 2294 δυεῖν
1354 2261 1379 2291 L
1393 2260 1419 2291 P

89 2308 154 2346 648
178 2312 240 2339 Ελ.
256 2311 366 2337 notam
384 2316 515 2337 erasam
532 2306 565 2336 in
584 2306 611 2336 L
628 2316 692 2337 orn.
713 2305 738 2336 P
845 2306 909 2344 650
933 2310 990 2336 aut
1008 2304 1105 2336 uncis
1123 2306 1250 2335 inclusa
1269 2305 1344 2335 dele
1361 2309 1419 2335 aut

91 2351 166 2389 ἐμὸν
182 2360 259 2380 curn
271 2349 426 2380 Seidlero
443 2349 578 2388 duplica
594 2360 600 2379 ε
617 2348 735 2390 χρόνον
751 2353 828 2388 post
841 2348 950 2390 Τροίας
967 2348 1108 2379 addebat
1123 2348 1224 2379 Blass
1234 2359 1276 2379 ex
1291 2348 1413 2379 Bacch.

93 2393 219 2468 IntEOd.
251 2393 335 2424 Mus.
366 2403 398 2433 p.
427 2401 467 2430 25
496 2392 606 2425 ἔνατος
639 2391 673 2424 δὲ
705 2392 837 2432 δόχμιος
860 2415 866 2422 .
890 2414 897 2422 .
924 2414 932 2422 .
963 2391 1028 2424 οἷον
1058 2391 1177 2432 ἔμμεν
1205 2394 1247 2423 ἐκ
1276 2392 1418 2433 Τροίας

93 2450 144 2478 χρ
174 2449 236 2469 νον
