1658 2740
639 110 963 149 ψοιΝιΣΣΑι
1456 117 1498 168 >5

574 215 720 261 ὄλοιτο,
747 213 829 254 τάδ’
856 217 933 255 εἴτε
959 215 1118 267 σίδαρος
1403 229 1463 260 350

434 280 500 322 εἴτ’
527 281 604 333 ἔρις
631 282 707 321 εἴτε
732 280 859 333 πατὴρ
885 282 905 319 ὁ
931 281 1002 323 σὸς
1027 283 1160 327 αἴτιος,

439 349 517 388 εἴτε
541 347 586 387 τὸ
611 347 812 398 δαιμόνιον
838 348 1091 399 κατεκώμασε

572 414 749 465 δώμασιν
773 415 982 454 Οἰδιπόδα·

372 480 467 532 πρὸς
494 482 560 532 ἐμὲ
586 482 660 533 γὰρ
688 484 815 521 κακῶν
840 481 959 531 ἔμολε
983 481 1096 522 τῶνδ’
1122 481 1212 533 ἄχη.

140 549 210 587 Χο.
238 547 367 588 δεινὸν
391 546 570 600 γυναιξὶν
595 549 634 588 αἱ
660 546 707 588 δι’
733 547 882 587 ὠδίνων
907 549 1033 599 γοναί,
1404 561 1461 591 335

239 615 300 654 καὶ
326 615 562 666 φιλότεκνόν
587 630 668 656 πως
693 614 771 655 πᾶν
796 617 1018 666 γυναικεῖον
1043 613 1169 666 γένος.

140 682 212 719 Πο.
234 683 369 732 μῆτερ,
396 683 554 733 φρονῶν
581 680 622 721 εὖ
648 680 717 721 κού
742 685 901 733 φρονῶν
926 681 1129 733 ἀφικόμην

237 746 401 799 ἐχθροὺς
427 748 467 788 ἐς
490 746 647 796 ἄνδρας·
685 746 776 787 ἀλλ’
802 748 1025 799 ἀναγκαίως
1050 747 1134 800 ἔχει

240 814 426 865 πατρίδος
452 814 543 865 ἐρᾶν
568 812 757 855 ἅπαντας·
795 812 838 855 ὃς
863 813 895 853 δ’
921 813 1055 855 ἄλλως
1079 813 1202 865 λέγει,

234 880 396 932 λόγοισι
421 880 551 934 χαίρει
576 883 643 921 τὸν
669 882 710 920 δὲ
735 883 826 920 νοῦν
853 880 974 921 ἐκεῖσ’
999 881 1096 933 ἔχει.
1400 883 1462 923 3⁶0

235 946 334 986 οὕτω
360 945 393 985 δ’
419 946 615 998 ἐτάρβουν
639 948 679 988 ἐς
704 947 839 999 φόβον
864 946 896 986 τ’
922 948 1136 999 ἀφικόμην,

233 1011 286 1063 μή
311 1029 369 1054 τις
394 1013 510 1054 δόλος
533 1030 581 1063 με
606 1012 702 1064 πρὸς
728 1012 967 1064 κασιγνήτου
993 1012 1124 1069 κτάνῃ,

228 1079 333 1119 ὥστε
358 1076 505 1131 ξιφήρη
531 1079 630 1133 χεῖρ’
655 1079 760 1132 ἔχων
785 1078 833 1118 δι’
859 1078 1011 1121 ἄστεως

235 1148 386 1186 κυκλῶν
413 1145 628 1198 πρόσωπον
653 1144 790 1195 ἦλθον.
862 1145 904 1186 ἓν
930 1145 973 1185 δέ
995 1144 1034 1196 μ’
1060 1145 1223 1197 ὠφελεῖ,

234 1212 407 1252 σπονδαί
427 1228 470 1252 τε
491 1212 558 1253 ,καὶ
584 1211 635 1262 σὴ
662 1212 808 1258 πίστις,
836 1212 862 1262 ἥ
886 1211 925 1262 μ’
951 1210 1126 1264 ἐσήγαγε
1399 1215 1458 1256 365

232 1279 344 1332 τείχη
368 1282 541 1333 πατρῷα·
579 1278 825 1330 πολύδακρυς
851 1277 883 1317 δ’
909 1278 1122 1330 ἀφικόμην,

232 1345 391 1398 χρόνιος
417 1345 508 1386 ἰδὼν
533 1344 713 1397 μέλαθρα
738 1344 800 1385 καὶ
824 1344 984 1396 βωμοὺς
1010 1347 1109 1385 θεῶν

231 1410 431 1463 γυμνάσιά
458 1410 492 1451 θ’
517 1411 622 1452 οἶσιν
647 1410 870 1463 ἐνετράφην
896 1412 1043 1463 Δίρκης
1069 1411 1103 1450 θ’
1128 1411 1242 1463 ὕδωρ·

230 1478 285 1518 ῶν
310 1477 354 1518 οὐ
381 1478 538 1520 δικαίως
562 1478 774 1519 ἀπελαθεὶς
798 1477 915 1528 ξένην
940 1478 1058 1518 πόλιν

230 1545 340 1591 ναίω,
367 1544 415 1585 δι’
441 1546 578 1585 ὅσσων
603 1544 693 1596 ὄμμ’
720 1544 825 1597 ἔχων
850 1545 1100 1597 δακρύρροον.
1398 1559 1457 1588 3ιο

230 1610 322 1652 ἀλλ’
347 1612 389 1651 ἐκ
413 1613 487 1663 γὰρ
515 1611 664 1664 ἄλγους
688 1610 812 1664 ἄλγος
837 1611 884 1651 αὖ
910 1613 958 1651 σὲ
984 1610 1166 1662 δέρκομαι

229 1673 344 1729 [κάρα
368 1677 529 1729 ξυρῆκες
557 1678 618 1718 καὶ
643 1676 818 1720 πέπλους
843 1675 1130 1731 μελαγχίμους]

223 1743 411 1797 ἔχουσαν,
438 1746 542 1795 οἴμοι
568 1748 646 1785 τῶν
665 1746 767 1795 ἐμῶν
794 1744 871 1796 ἐγὼ
898 1747 1037 1784 κακῶν.

230 1809 281 1851 ὡς
306 1809 434 1851 δεινὸν
458 1810 595 1863 ἔχθρα,
623 1813 756 1862 μῆτερ,
786 1811 940 1851 οἰκείων
965 1811 1098 1862 φίλων

230 1873 307 1927 [καὶ
335 1876 551 1918 δυσλύτους
577 1877 729 1930 ἔχουσα
750 1878 820 1918 τὰς
845 1873 1095 1928 διαλλαγάς].
1390 1886 1451 1918 375

295 1944 337 1983 τί
357 1944 432 1995 γὰρ
457 1942 583 1995 πατήρ
608 1960 674 1993 μοι
698 1942 878 1994 πρέσβυς
904 1944 945 1983 ἐν
971 1943 1128 1993 δόμοισι
1153 1942 1236 1995 δρᾷ,

229 2009 374 2049 σκότον
398 2009 606 2061 δεδορκώς;
644 2010 685 2048 τί
705 2011 747 2049 δὲ
774 2010 1009 2061 κασίγνηται
1033 2008 1119 2054 δύο;

170 2108 235 2139 350
251 2110 299 2140 Sq.
322 2101 380 2132 εἵτ’
401 2100 463 2141 ἔρις
477 2102 540 2132 εἴτε
558 2100 684 2142 σίδαρος
702 2100 729 2130 P
847 2110 909 2138 353
935 2099 1105 2131 Οἰδιπόδαο
1124 2098 1150 2128 Ρ
1270 2108 1332 2137 359
1355 2099 1389 2130 ιὸς
1407 2098 1450 2138 δ’]

127 2157 163 2172 Η
176 2145 202 2176 δ’
219 2144 371 2183 primitus
389 2143 421 2173 M
441 2148 476 2174 ut
493 2143 625 2173 videtur
640 2154 647 2173 :
671 2144 715 2174 ὅδ’
733 2143 759 2173 L
775 2153 780 2172 :
806 2153 888 2174 corr.
905 2142 917 2171 l
1017 2144 1076 2181 361
1097 2141 1124 2174 δ’
1139 2142 1295 2184 ἐτάρβουν
1312 2142 1452 2172 Porson:

127 2186 160 2219 δὲ
177 2187 314 2228 τάρβους
331 2187 427 2217 codd.
443 2191 475 2217 et
492 2191 516 2221 Σ
528 2186 560 2216 Μ
573 2191 596 2220 Σ
610 2187 636 2216 Β
654 2197 660 2216 :
684 2186 718 2218 δὲ
734 2186 854 2227 τάρβος
871 2186 1047 2216 Hermann
1136 2186 1198 2223 363
1224 2186 1338 2217 ἄστεος
1355 2185 1449 2215 codd.

127 2231 192 2269 368
211 2230 352 2272 ἐτράφην
370 2231 396 2260 L
539 2240 602 2269 370
627 2229 715 2270 ὔμμ’]
732 2229 795 2269 αἷμ’
814 2230 840 2259 L
857 2240 864 2260 t
882 2230 952 2268 νᾶμ’
973 2229 1153 2267 Musgrave
1263 2227 1452 2270 δακρύρροον

127 2274 277 2312 Blaydes
295 2284 301 2304 :
321 2275 527 2316 δακρυρροοῦν
540 2274 636 2305 codd.
839 2283 903 2312 372
928 2272 992 2302 del.
1014 2272 1214 2303 Kirchhoff:
1238 2271 1278 2302 cf.
1297 2271 1372 2301 Alc.
1390 2281 1450 2308 427

126 2317 272 2358 ξυρῆκες]
290 2317 458 2359 ξυρηκὲςν
471 2317 496 2346 L
508 2316 533 2346 P
550 2322 582 2347 et
599 2321 623 2350 Σ
713 2326 775 2355 375
801 2316 834 2347 ἔν
850 2329 934 2348 τισιν
950 2318 984 2347 οὐ
1001 2315 1129 2356 φέρεται
1148 2320 1171 2349 Σ
1187 2327 1194 2345 τ
1218 2315 1367 2353 375—378
1384 2313 1447 2344 del.

127 2360 264 2391 Usener
386 2362 450 2399 376
474 2362 593 2400 δώμασι
611 2360 640 2390 V
653 2359 684 2389 A
813 2369 873 2398 377
900 2359 1086 2399 κασίγνητοι
1104 2359 1135 2388 V
