1658 2740
561 150 1028 207 ΦΟΙΝΙΣΣΑΙ

468 485 755 524 ΎῚἾΟΘΕΣΙΣ
790 486 1101 525 ΦΟῙΝΙΣΣΩΝ

168 590 347 636 Ἐτεοκλῆς
372 594 585 639 παραλαβὼν
609 593 670 637 τὴν
695 594 818 637 Θηβῶν
842 592 1024 635 βασιλείαν
1048 594 1231 638 ἀποστερεῖ
1248 597 1307 629 τοῦ
1324 595 1447 641 μέρους

120 650 179 684 τὸν
203 650 357 693 ἀδελφὸν
382 651 600 694 Πολυνείκην·
625 651 739 696 φυγὰς
765 651 800 686 δέ
827 652 873 687 εἷς
885 650 1015 697 ’Ἄργος
1034 652 1158 688 ἐκεῖνος
1175 654 1446 698 παραγενόμενος

119 707 219 752 ἔγημε
236 708 296 751 τὴν
314 708 481 753 θυγατέρα
499 711 558 742 τοῦ
576 708 748 751 βασιλέως
767 709 969 754 ’Λδράστου,
989 709 1162 744 κατελθεῖν
1174 710 1217 745 εἷς
1228 711 1287 754 τὴν
1300 711 1446 756 πατρίδα

119 764 414 810 φιλοτιμούμενος.
474 766 525 800 καὶ
557 767 677 802 πείσας
711 768 768 801 τὸν
800 768 964 812 πενθερὸν
999 767 1222 813 συνήθροισεν
1258 768 1446 814 ἀξιόχρεων

119 825 266 868 στρατὸν
291 824 346 858 ἐπὶ
373 823 488 868 Θήβας
513 825 595 858 κατὰ
619 827 678 858 τοῦ
703 824 868 870 ἀδελφοῦ.
919 825 937 869 ἡ
961 826 996 860 δέ
1017 825 1121 870 μήτηρ
1140 824 1294 869 Ἰοκάστη
1312 827 1446 862 ἔπεισεν

118 882 218 916 αὐτὸν
244 882 463 917 ὑπόσπονδον
489 882 658 917 εἰσελθεῖν
684 882 729 918 εἷς
755 883 816 927 τήν
840 885 942 918 πόλιν
967 884 1019 918 καὶ
1041 883 1259 928 διαλεχθῆναι
1280 886 1445 929 πρότερον

117 941 202 985 πρὸς
225 940 284 974 τὸν
308 939 462 984 ἀδελφὸν
486 941 562 985 περὶ
588 942 647 985 τῆς
672 941 790 986 ἀρχῆς·
817 940 1199 986 δεινοπροσωπήσαντος
1223 941 1258 974 δέ
1281 941 1365 987 ὑπὲρ
1387 944 1445 985 τῆς

118 999 310 1042 τυραννίδος
337 1000 396 1032 τοῦ
423 999 640 1033 Ἐτεοκλέους
666 998 684 1042 ἡ
712 999 772 1043 μὲν
798 998 951 1042 Ἰοκάστη
979 1001 1184 1045 συναγαγεῖν
1208 1000 1249 1033 τὰ
1274 999 1371 1033 τέκνα
1398 1000 1443 1035 εἷς

117 1058 238 1102 φιλίαν
257 1057 314 1090 οὐκ
332 1054 488 1100 ἠδυνατο,
510 1056 716 1100 Πολυνείκης
740 1056 776 1090 δὲ
799 1057 843 1092 ὡς
866 1058 950 1101 πρὸς
970 1057 1134 1101 πολέμιον
1151 1057 1275 1092 λοιπὸν
1291 1071 1442 1102 παρατα-

117 1114 256 1159 ξόμενος
272 1115 465 1160 ἀνεχώρησε
482 1115 540 1158 τῆς
557 1115 699 1150 πόλεως.
749 1115 876 1159 ἔχρησε
894 1115 930 1148 δέ
954 1116 971 1148 ὁ
993 1115 1167 1160 Τειρεσίας
1185 1115 1277 1159 νίκην
1300 1115 1442 1150 ἔσεσθαι

115 1174 187 1208 τοῖς
213 1172 385 1216 Θηβαίοις,
405 1172 462 1206 ἐὰν
480 1173 498 1205 ὁ
515 1174 593 1208 παῖς
622 1172 787 1218 Κρέοντος
811 1172 994 1208 Μενοικεὺς
1012 1172 1166 1218 σφάγιον
1177 1171 1276 1218 ’Ἄρει
1297 1174 1442 1218 γένηται.

116 1233 134 1264 ὀ
159 1231 220 1275 μὲν
245 1229 304 1266 οὖν
331 1230 446 1276 Κρέων
473 1230 645 1277 ἠρνήσατο
670 1231 841 1266 ἐπιδοῦναι
861 1230 901 1274 τῇ
925 1232 1024 1266 πόλει
1041 1231 1098 1264 τὸν
1113 1230 1226 1273 παῖδα,
1247 1232 1265 1264 ὁ
1284 1230 1319 1264 δέ
1337 1230 1442 1264 νεανί-

116 1302 198 1324 σκος
208 1289 412 1332 ἐβουλεύετο
425 1290 542 1335 καίπερ
556 1292 616 1325 τοῦ
634 1290 762 1334 πατρὸς
774 1289 862 1335 αὐτῷ
874 1288 988 1335 φυγὴν
999 1288 1083 1334 μετὰ
1096 1289 1276 1334 χρημάτων
1290 1289 1443 1324 διδόντος

115 1348 234 1383 ἑαυτὸν
250 1347 464 1393 ἀποσφαξαι.
513 1348 566 1382 καὶ
583 1347 623 1392 δὴ
645 1348 697 1382 καὶ
714 1347 851 1394 ἔπραξε·
878 1349 1024 1392 Θηβαῖοι
1045 1347 1082 1382 δέ
1099 1346 1178 1383 τοὺς
1196 1346 1359 1392 ἡγεμόνας
1375 1349 1442 1381 τῶν

115 1403 276 1451 Ἀργείων
301 1406 520 1451 ῒὲσφαξανῨ.
569 1404 748 1449 Ἐτεοκλῆς
774 1405 810 1439 δὲ
835 1405 888 1440 καὶ
913 1405 1118 1449 Πολυνείκης
1142 1405 1439 1450 μονομαχήσαντες

115 1462 248 1498 ἀνεῖλον
264 1463 449 1508 ἀλλήλους.
499 1463 518 1508 ἡ
532 1464 594 1508 μὲν
607 1462 666 1499 οὖν
678 1463 786 1509 μήτηρ
804 1464 911 1498 αὐτῶν
928 1463 1075 1508 εὑροῦσα
1094 1462 1229 1508 νεκροὺς
1246 1463 1324 1498 τούς
1348 1463 1440 1498 υἱοὺς

114 1521 269 1567 ἔσφαξεν
286 1521 415 1567 ἑαυτήν,
434 1523 452 1556 ὁ
471 1522 508 1557 δέ
525 1521 648 1566 ταύτης
665 1521 818 1567 ἀδελφὸς
840 1522 957 1568 Κρέων
978 1521 1154 1567 παρέλαβε
1172 1521 1232 1565 τὴν
1248 1521 1440 1563 βασιλείαν.

114 1581 146 1615 οἶ
163 1581 198 1615 δέ
215 1581 365 1628 Ἀργεῖοι
383 1581 570 1626 νικηθέντες
584 1583 642 1626 τῆς
659 1582 769 1627 μάχης
788 1581 1020 1627 ἀνεχώρησαν.
1070 1581 1187 1625 Κρέων
1205 1581 1240 1615 δὲ
1263 1581 1441 1626 δυσχερῶς

114 1639 230 1686 φέρων
254 1639 332 1676 τοὺς
356 1640 416 1685 μὲν
440 1640 504 1675 ὑπὸ
529 1643 570 1684 τῇ
597 1640 744 1685 Καδμείᾳ
770 1643 836 1675 τῶν
861 1640 1032 1684 πολεμίων
1051 1641 1220 1674 πεσόντας
1243 1639 1302 1673 οὐκ
1319 1639 1442 1674 ἔδωκεν

114 1698 161 1733 εἷς
177 1697 301 1743 ταφήν,
320 1698 530 1742 Πολυνείκην
555 1698 591 1732 δέ
613 1697 792 1742 ἀκήδευτον
815 1698 970 1744 ἔρριψεν,
991 1696 1153 1732 Οἰδίπουν
1171 1697 1207 1731 δέ
1226 1697 1364 1743 φυγάδα
1381 1699 1440 1741 τῆς

115 1754 273 1803 πατρῴας
291 1755 506 1802 ἀπέπεμψεν,
524 1754 580 1801 ἐφ’
600 1756 646 1790 ὧν
662 1757 723 1800 μὲν
741 1753 826 1804 (οὐ)
844 1755 1002 1801 φυλάξας
1020 1756 1078 1790 τὸν
1095 1755 1304 1801 ἀνθρώπινον
1326 1756 1439 1800 νόμον,

114 1814 171 1860 ἐφ’
184 1813 229 1849 ὦν
248 1815 284 1849 δέ
302 1814 363 1858 τὴν
380 1814 484 1860 ὀργὴν
500 1813 734 1860 λογοποιήσας
753 1815 831 1849 οὐδὲ
848 1815 941 1858 παρὰ
955 1814 1014 1858 τὴν
1032 1814 1217 1858 δυστυχίαν
1235 1813 1392 1857 ἐλεήσας.

1229 1873 1284 1917 [Μ
1299 1874 1333 1907 Α
1346 1875 1374 1907 Β
1388 1873 1436 1917 V]

159 1954 368 1993 Argumenta
378 1962 441 1983 om.
456 1953 481 1983 L
500 1964 507 1983 z
524 1953 666 1992 primurn
679 1953 887 1993 (Ἐτεοκλῆς.
907 1976 913 1983 .
930 1976 935 1982 .
950 1952 1101 1992 ἐλεήσας)
1119 1962 1182 1983 om.
1196 1952 1222 1982 P
1289 1953 1439 1984 minores

116 1998 359 2037 discrepantias
376 1997 511 2035 neglexi
641 2007 659 2034 4
685 1995 854 2037 ἀξιόλογον
871 1997 1044 2037 στρατείαν
1062 1996 1144 2027 κατὰ
1161 1999 1217 2027 τοῦ
1231 1997 1371 2035 ἀδελφοῦ
1388 1998 1438 2028 καὶ

117 2044 158 2074 εἷς
176 2041 286 2079 Θήβας
305 2041 441 2078 ἐλήλυθε
458 2040 485 2069 Β
606 2050 623 2078 7
650 2039 725 2080 ὑπὲρ
741 2039 924 2069 Wecklein
939 2052 943 2069 :
971 2040 1029 2070 ὑπὸ
1046 2039 1142 2070 codd.
1267 2050 1287 2077 9
1311 2040 1438 2080 λοιπὸν]

117 2086 231 2125 ἐχθρὸν
249 2084 320 2113 AV
430 2082 688 2123 παραταξάμενος
706 2082 801 2112 codd.
822 2094 829 2112 ε
853 2092 936 2112 corr.
957 2081 1139 2112 Kirchhoff
1247 2093 1286 2112 10
1311 2082 1439 2114 ἔσεσθαι

117 2128 271 2157 Bau-nes:
295 2126 403 2158 θέσθαι
430 2127 525 2156 codd.
640 2135 678 2164 13
704 2125 898 2162 ἐβουλεύετο
929 2125 974 2154 F:
1009 2125 1165 2161 ἐβούλετο
1184 2125 1254 2156 rell.
1328 2126 1440 2167 καίπερ

118 2170 315 2201 Kirchhoff:
341 2171 390 2201 καὶ
408 2170 504 2200 codd.
645 2179 682 2207 14
708 2168 887 2208 ἀποσφάξαι
904 2168 1115 2198 Valckenaer
1129 2180 1146 2198 :>
1161 2168 1324 2208 ἀπέσφαξε
1343 2169 1438 2199 codd.

119 2224 156 2253 15
176 2214 318 2255 ἔσφαξαν
329 2217 536 2252 corruptum:
554 2212 689 2254 ἔτρεψαν
704 2212 876 2242 Hermann
923 2211 1108 2243 ἐτεοκλέους
1122 2211 1157 2242 δὲ
1170 2214 1219 2243 καὶ
1234 2212 1440 2244 πολυνείκους

116 2258 405 2297 μονομαχήσαντος
423 2256 518 2286 codd.
537 2254 850 2295 (μονομαχησάντων
862 2254 907 2293 A}
927 2266 933 2284 ι
959 2264 1042 2285 corr.
1067 2256 1274 2285 recentiores
1344 2256 1382 2285 18
1398 2257 1439 2296 τῇ

117 2301 205 2342 μάχῃ
224 2301 355 2330 Barnes
372 2310 378 2329 :
404 2299 579 2337 genetivus
596 2298 706 2328 hiatus
722 2298 849 2327 vitandi
868 2307 968 2327 causa
984 2297 1152 2328 adhibitus
1168 2303 1219 2328 est
1318 2308 1354 2327 21
1382 2311 1439 2330 πα·

119 2344 234 2385 τρῲας]
254 2343 404 2384 πατρίδος
421 2341 453 2371 Α
564 2343 597 2372 οὐ
616 2341 646 2372 O
665 2346 697 2370 et
717 2351 801 2372 rece.
818 2351 824 2371 :
849 2351 912 2370 om.
934 2340 1030 2370 codd.

1314 2424 1328 2432 ν

227 2438 377 2459 EUR.11¹.
1312 2433 1329 2452 5)

1464 840 1481 871 5

1464 1129 1502 1150 10

1461 1712 1500 1733 20
