1658 2740
593 420 1005 473 OPEETH}

139 581 378 611 ΗᾹΕΚΤΡΑ

237 641 320 681 Οὐκ
347 641 456 681 ἔστιν
482 640 594 680 οὐδὲν
620 639 749 680 δεινὸν
774 639 838 680 ὧδ’
866 641 990 680 εἰπεῖν
1016 640 1109 682 ἔπος

237 708 325 748 οὐδὲ
350 706 472 750 πάθος
498 707 586 748 οὐδὲ
611 706 793 759 ξυμφορὰ
819 705 1021 757 θεήλατος,

237 775 282 825 ἧς
307 774 373 814 οὐκ
399 774 448 815 ἂν
472 773 597 826 ἄραιτ’
624 773 748 827 ἄχθος
772 774 980 825 ἀνθρώπου
1005 775 1138 826 φύσις.

237 843 257 880 ὁ
283 844 357 894 γὰρ
381 841 724 893 μακάριος-κούκ
750 841 924 890 ὀνειδίζω
950 842 1131 894 τύχας-

240 912 336 950 Διὸς
362 909 559 961 πεφυκώς,
587 908 638 949 ὡς
661 907 840 960 λέγουσι,
866 907 1074 949 Τάνταλος
1447 924 1464 954 5

238 978 411 1028 κορυφῆς
436 975 731 1026 ὑπερτέλλοντα
756 976 965 1025 δειμαίνων
990 975 1133 1027 πέτρου

236 1042 320 1094 ἀέρι
345 1045 522 1083 ποτᾶται·
561 1042 622 1081 καὶ
647 1043 744 1082 τίνει
768 1041 912 1091 ταύτην
938 1043 1060 1091 δίκην,

237 1109 288 1150 ὡς
311 1111 383 1160 μὲν
407 1108 610 1160 λέγουσιν,
637 1109 697 1148 ὅτι
722 1111 827 1149 θεοῖς
852 1108 1056 1160 ἄνθρωπος
1083 1108 1136 1150 ὢν

236 1178 366 1226 κοινῆς
392 1175 583 1228 τραπέζης
607 1174 745 1226 ἀξίωμ’
772 1175 874 1228 ἔχων
901 1176 1003 1221 ἴσον,

235 1243 461 1283 ἀκόλαστον
487 1243 585 1295 ἔσχε
610 1246 819 1295 γλῶσσαν,
847 1243 1064 1295 αἰσχίστην
1090 1243 1224 1283 νόσον.
1427 1259 1464 1280 10

235 1309 347 1352 οὗτος
373 1310 531 1362 φυτεύει
557 1308 738 1354 Πέλοπα,
765 1312 832 1349 τοῦ
856 1308 888 1348 δ’
914 1308 1074 1361 Ἀτρεὺς
1100 1309 1187 1361 ἔφυ,

235 1375 263 1431 ᾧ
288 1376 492 1427 στέμματα
504 1374 656 1432 §fig-(20²
682 1375 911 1417 ἐπέκλωσεν
937 1378 1008 1416 θεὰ

235 1443 328 1495 ἔριν,
356 1442 520 1499 Θυέστῃ
545 1444 720 1494 πόλεμον
745 1444 829 1483 ὄντι
854 1444 1038 1498 συγγόνῳ

235 1510 388 1550 θέσθαι.
459 1512 499 1551 τί
521 1509 676 1562 τᾶρρητ’
703 1509 1058 1562 ἀναμετρήσασθαί
1078 1529 1128 1562 με
1153 1514 1228 1558 6⁶2,-

235 1576 368 1617 ἔδαισε
394 1577 426 1617 δ’
454 1578 522 1617 οὖν
546 1594 607 1618 νιν
631 1576 734 1618 τέκν’
760 1577 996 1619 ἀποκτείνας
1021 1576 1194 1630 Ἀτρεύς.
1424 1593 1459 1623 15

235 1643 404 1696 Ἀτρέως
430 1643 484 1684 δέ·
521 1645 590 1686 τὰς
615 1646 691 1696 γὰρ
716 1645 757 1684 ἐν
780 1643 890 1699 μέσῳ
917 1649 1018 1696 σιγῶ
1044 1645 1179 1698 τύχας·

235 1711 255 1749 ὁ
281 1711 448 1757 κλεινός,
477 1712 510 1751 εἰ
535 1710 580 1760 δὴ
608 1711 773 1756 κλεινός,
800 1710 1060 1763 Ἀγαμέμνων
1087 1711 1163 1764 ἔφυ

237 1776 447 1819 Μενέλεώς
471 1794 513 1818 τε
537 1776 728 1828 Κρήσσης
753 1777 897 1829 μητρὸς
922 1777 1115 1829 Ἀερόπης
1139 1777 1229 1819 ἄπο.

179 1869 343 1910 Εὐριπίδου
361 1868 519 1909 Ὀρέστης
543 1869 703 1908 inscripta
727 1874 778 1900 est
800 1870 884 1900 haec
907 1870 1017 1900 fabula
1042 1870 1075 1900 in
1100 1870 1277 1900 MABV:
1303 1872 1460 1910 εὐριπίδου

136 1912 296 1952 Ἠλέκτρα
322 1912 353 1941 in
381 1912 456 1949 LP,
482 1913 571 1942 unde
597 1913 763 1942 Electram
784 1917 883 1943 vocat
906 1912 1019 1943 Schol.
1041 1913 1200 1944 Aristidis
1221 1914 1263 1944 iii.
1293 1924 1324 1952 p.
1344 1916 1418 1952 603,
1439 1916 1460 1944 6

138 1965 150 1984 1
180 1954 333 1985 Electrae
352 1960 464 1985 notam
481 1965 544 1986 om.
565 1955 596 1985 M
614 1967 620 1986 z
645 1956 722 1986 add.
742 1956 790 1985 Μ2
916 1966 935 1985 2
961 1957 1107 1997 συμφορὰ
1125 1958 1281 1995 θεήλατος
1301 1956 1349 1986 Μ2
1362 1956 1405 1986 132
1416 1957 1460 1987 V2

134 1996 203 2028 rell.
236 1999 391 2039 (ξυμφορὰ
419 1997 497 2036 LP)
527 2002 559 2027 et
585 2010 637 2038 γρ.
668 2002 702 2035 Σ,
733 2008 804 2028 cum
834 1998 1001 2037 plerisque
1026 1999 1081 2038 qui
1107 1999 1197 2030 hunc
1224 2000 1332 2031 locum
1360 2002 1463 2032 citant

133 2040 377 2079 scriptoribus:
407 2041 573 2082 συμφορὰν
598 2041 758 2078 θεήλατον
784 2041 815 2070 Μ
831 2041 955 2074 BVE:
987 2044 1153 2085 συμφορὰν
1177 2044 1339 2082 δαιμόνιον
1362 2045 1457 2075 codd.

135 2083 256 2114 Dionis
282 2083 404 2122 Chrys.
426 2084 465 2114 iv.
487 2094 519 2123 p.
540 2086 581 2114 82
600 2095 606 2114 :
632 2084 671 2115 cs.
693 2084 786 2114 Stob.
808 2085 838 2115 ss.
859 2085 912 2125 98,
934 2096 975 2124 42
1130 2097 1149 2125 3
1176 2087 1345 2128 ἀνθρώπων
1370 2087 1402 2117 Μ
1429 2094 1461 2119 et

135 2126 269 2157 Lucian.
292 2127 403 2166 Ocyp.
425 2129 483 2165 167
501 2138 506 2156 :
531 2127 550 2165 ἡ
568 2130 632 2159 τῶν
650 2131 775 2169 βροτῶν
793 2128 887 2165 φύσις
904 2133 928 2161 Σ
1097 2131 1118 2159 6
1143 2130 1298 2172 κορυφῆς]
1316 2134 1461 2172 κεφαλῆς

135 2170 199 2199 Dio
218 2170 342 2209 Chrys.
363 2171 404 2200 vi.
426 2180 457 2208 p.
478 2179 518 2208 55
635 2181 651 2209 7
677 2171 769 2209 δίκην
784 2171 907 2209 ταύτην
927 2171 955 2201 V
1064 2182 1167 2212 12—15
1193 2174 1281 2204 delet
1300 2173 1460 2205 Klinken-

133 2214 225 2251 berg,
240 2224 270 2245 v.
286 2224 322 2252 17
339 2214 415 2253 ἄναξ
428 2224 487 2252 pro
502 2214 562 2254 ἔφυ
574 2215 728 2244 scribens
822 2225 860 2253 13
881 2214 961 2256 ἔριν]
975 2215 1121 2257 γρ.·Ἔρις
1136 2221 1178 2251 Στ
1197 2217 1339 2248 fortasse
1353 2221 1460 2260 αἴρειν,

133 2267 185 2287 vv.
207 2267 255 2295 14,
280 2267 316 2295 15
337 2257 456 2287 deletis
578 2266 615 2295 15
641 2259 678 2288 οὔ
694 2257 749 2287 M:
777 2258 812 2289 οὗ
830 2257 877 2287 Β;
907 2268 991 2288 corr.
1014 2259 1062 2289 ΜΩ
1077 2259 1120 2289 132
1243 2262 1281 2290 18
1304 2262 1460 2300 μενέλαος

133 2303 167 2332 ἐκ
185 2301 327 2341 κρήσσης
349 2315 386 2332 τε
407 2304 465 2342 W
488 2300 623 2340 ἀερόπης
644 2300 690 2330 L:
715 2301 859 2341 κρήσσης
882 2315 917 2332 τε
940 2301 1096 2340 μενέλαος
1117 2307 1176 2345 ff
1198 2305 1334 2345 ἀερόπης
1357 2306 1416 2337 ἄπο
1435 2305 1460 2334 P

132 2344 191 2373 sed
210 2354 311 2382 super
326 2344 482 2382 μενέλιιος
495 2344 527 2381 β’
541 2354 645 2382 super
657 2348 736 2385 W
751 2344 778 2376 α’
792 2344 917 2383 scripto
994 2346 1134 2376 sortasse
1149 2348 1306 2387 Μενέλας,
1320 2349 1359 2379 cf.
1378 2348 1456 2380 Hel.

137 2397 205 2424 131.
225 2387 302 2418 Tro.
324 2397 396 2427 212,
420 2387 521 2418 Rhes.
543 2388 606 2426 258
