1658 2740
124 739 162 760 10

124 1346 162 1368 20

178 185 310 231 Ῥῆσον,
339 186 409 221 οὔδ’
440 187 599 231 Ἀχιλλεῖ
627 189 734 232 φησιν
767 187 953 233 ἀδάκρυτον
986 187 1126 223 ἕσεσθιιι
1155 188 1215 232 τὴν
1241 191 1431 235 στρατείαν,
1461 191 1508 235 τῷ

180 248 276 292 κοινῴ
295 248 361 279 τῶν
378 245 550 290 ἐπιφανῶν
565 245 696 290 θανάτῳ
710 245 769 289 τὴν
788 245 874 280 ἰδίαν
889 245 1170 290 παραμυθουμένη
1185 246 1304 289 λύπην.
1348 249 1382 282 V
1404 248 1507 282 Harl.

225 306 332 337 Τοῦτο
350 304 388 337 τὸ
406 303 515 348 δρᾶμα
533 304 612 337 ἔνιοι
630 304 731 338 νόθον
749 303 939 348 ὑπενόησαν
958 304 1001 339 ὡς
1019 304 1076 338 οὐκ
1095 303 1132 338 ὂν
1151 304 1342 349 Εὐριπίδου·
1368 306 1425 339 τὸν
1441 306 1508 350 γὰρ

180 362 390 405 Σοφόκλειον
403 362 537 404 μᾶλλον
550 361 731 406 ὑποφαίνει
751 363 957 407 χαρακτῆρα.
1010 362 1044 396 ε’ν
1057 362 1169 406 μέντοι
1187 364 1260 398 ταῖς
1274 362 1508 399 διδασκαλίαις

179 419 222 453 ὡς
244 418 385 464 γνήσιον
407 418 669 464 ἀναγέγραπται,
695 420 747 454 καὶ
768 418 786 462 ἡ
808 421 883 464 περὶ
908 420 948 453 τὰ
971 420 1138 463 μετάρσια
1163 419 1198 454 δὲ
1223 420 1259 454 ἐν
1283 420 1372 466 αὐτῷ
1398 423 1507 456 πολυ-

179 477 402 523 πραγμοσύνη
429 479 486 512 τὸν
511 477 694 522 Εὐριπίδην
722 479 895 523 ὁμολογεῖ.
944 479 1110 522 πρόλογοι
1137 478 1173 512 δέ
1204 478 1308 513 διττοὶ
1332 477 1507 524 φέρονται.

181 537 197 568 ὁ
215 538 298 580 γοῦν
317 538 518 581 Δικαίαρχος
536 536 676 571 ἐκτιθεὶς
693 535 752 579 τὴν
771 535 933 570 ὑπόθεσιν
951 537 1011 569 τοῦ
1029 533 1152 579 Ῥήσου
1168 536 1294 582 γράφει
1312 537 1394 571 κατὰ
1413 535 1508 580 λε’ξιν

180 592 296 629 οὕτως·

485 643 542 675 νῦν
567 640 750 683 εὐσέληνον
778 641 909 686 φέγγος
934 639 953 684 ἡ
979 639 1190 686 διφρηλατος

181 727 232 761 καὶ
257 742 286 762 τ.
304 728 341 762 ε’.·
367 727 403 761 ἐν
428 727 526 762 ἐνίοις
553 727 589 761 δέ
614 729 680 760 τῶν
701 725 918 771 ἀντιγράφων
945 725 1057 771 ἕτερός
1082 741 1132 762 τις
1158 725 1298 771 φέρεται
1323 727 1505 773 πρόλογος,

180 787 278 828 πεζὸς
300 787 386 820 πάνυ
411 786 463 819 καὶ
483 785 522 819 οὒ
541 783 678 830 πρέπων
696 784 870 829 Εὐριπίδῃ·
897 784 950 818 καὶ
970 785 1058 830 τάχα
1078 783 1118 819 ἶίν
1135 799 1223 820 τινες
1239 788 1305 820 τῶν
1321 785 1507 831 ὑποκριτῶν

182 844 431 879 διεσκευακότες
448 841 511 878 εἶεν
528 843 637 877 αὐτόν.
688 844 758 887 ἕχει
778 843 813 876 δέ
832 841 946 878 οὕτως·

414 929 439 963 ὦ
466 931 524 963 τοῦ
550 929 715 975 μεγίστου
742 930 844 973 Ζηνὸς
871 929 1014 972 ἶίλκιμον
1039 930 1135 964 τέκος

414 988 571 1030 Παλλάς,
597 990 764 1031 παρῶμεν·
794 987 851 1021 οὐκ
877 988 981 1032 ἐχρῆν
1010 987 1092 1031 ἡμᾶς
1117 987 1167 1020 ἕτι

414 1046 554 1089 μέλλειν
578 1042 725 1090 Ἀχαιῶν
751 1045 899 1089 ὠφελεῖν
925 1045 1172 1092 στρατεύματα.

415 1105 473 1136 νῦν
497 1103 563 1147 γὰρ
589 1105 693 1138 κακῶς
718 1103 941 1147 πράσσουσιν
966 1104 1002 1138 ἐν
1027 1105 1119 1148 μάχῃ
1146 1101 1258 1147 δορός,

414 1161 526 1204 λόγχῃ
551 1160 668 1201 βιαίως
687 1159 853 1203 ’Έκτορος
880 1160 1138 1206 στροβούμενοι.

413 1217 487 1261 ἐμοὶ
512 1217 578 1262 γὰρ
603 1216 700 1251 οὐδέν
727 1217 822 1251 ἐστιν
846 1218 966 1263 ι’ίλγιον
991 1219 1110 1263 βάρος,

414 1275 453 1318 ἐξ
479 1274 516 1308 οὗ
541 1274 574 1319 γ’
601 1275 707 1319 ἕκρινε
735 1274 866 1318 Κύπριν
891 1275 1118 1320 Ἀλέξανδρος
1145 1274 1224 1310 θεὰν

415 1332 533 1365 κάλλει
559 1333 716 1378 προήκειν
741 1333 800 1373 τῆς
825 1333 905 1376 ἐμῆς
932 1333 1118 1378 εὐμορφίας

417 1388 468 1423 καὶ
494 1390 567 1433 σῆς,
594 1388 730 1434 Ἀθηνᾶ,
760 1390 926 1435 φιλτάτης
952 1391 1027 1435 ἐμοὶ
1053 1390 1148 1432 θεῶν,

414 1446 442 1479 εἷ
468 1446 511 1490 μὴ
539 1450 819 1494 κατασκαφεῖσαν
844 1447 973 1492 ὄψομαι
999 1449 1100 1483 πόλιν

415 1505 584 1549 Πριάμου,
610 1506 669 1550 βίᾳ
694 1506 878 1551 πρόρριζον
904 1503 1167 1551 ἐκτετριμμὲνην.

1207 1562 1241 1596 V
1261 1562 1289 1596 L
1309 1562 1335 1596 P
1356 1561 1459 1596 Harl.

228 1663 240 1683 1
268 1653 328 1690 τὴν
345 1654 516 1694 στρατείαν
533 1664 596 1684 om.
616 1654 646 1684 V
728 1665 746 1685 2
772 1657 930 1695 ἐπιφανῶν
949 1653 1043 1685 Harl.
1060 1666 1066 1686 τ
1093 1656 1143 1686 ἐπι
1160 1653 1305 1693 spatium
1322 1663 1463 1683 vacuum
1477 1652 1507 1682 V

182 1705 201 1734 3
239 1697 462 1735 praeponitur
492 1696 729 1735 Aristophanis
760 1708 828 1737 arg.
860 1708 934 1729 cum
968 1708 1191 1738 personarum
1227 1697 1337 1727 indice
1370 1697 1405 1726 in
1437 1696 1508 1726 LP

183 1742 221 1771 ὡς
241 1741 296 1770 οὐκ
318 1742 355 1771 ’ὸν
374 1741 539 1781 Εὐριπίδου
567 1741 591 1771 L
610 1741 636 1771 P
654 1741 749 1772 Harl.
769 1753 775 1772 :
807 1742 973 1783 Εὐριπίδου
998 1742 1031 1773 δὲ
1055 1743 1097 1780 μὴ
1124 1741 1202 1773 εἶναι
1222 1740 1253 1770 V
1339 1740 1378 1772 τὸ
1398 1741 1460 1781 ’γὰρ
1482 1739 1508 1770 Ρ

182 1794 200 1819 4
225 1782 365 1824 μᾶλλον]
383 1788 466 1822 spat.
485 1794 622 1815 vacuum
641 1784 739 1817 onV
843 1785 1026 1826 ὑποφαίνειν
1043 1784 1278 1815 Valckenaer:
1302 1783 1508 1822 ὑπεμφαίνειν

184 1825 331 1856 Dind01·f
552 1837 571 1865 5
608 1841 812 1867 paerass--t'c-ffma
839 1829 869 1859 V
1087 1830 1109 1859 6
1147 1826 1196 1868 δὲ]
1231 1826 1265 1859 δὲ
1297 1829 1332 1858 ἐν
1362 1828 1446 1867 αὐτῷ
1478 1826 1507 1856 V

184 1880 199 1907 7
235 1869 428 1910 Δικαίαρχος
460 1870 599 1902 Nauck:
635 1872 757 1904 δικαίαν
783 1872 812 1901 V
828 1871 916 1902 LP:
950 1882 1012 1903 om.
1042 1871 1139 1902 Harl.
1297 1871 1429 1901 ἐκτιθεὶς
1455 1869 1507 1899 V:

184 1914 329 1945 ἐπιτιθεὶς
348 1913 374 1943 L
386 1913 412 1943 P
427 1913 522 1945 Harl.
625 1925 664 1946 10
687 1917 738 1947 καὶ
755 1930 784 1947 τ.
803 1916 827 1947 ἑ.
849 1915 1094 1946 Wilamowitz:
1120 1914 1171 1946 καὶ
1189 1914 1285 1944 codd.
1377 1911 1506 1954 φέρεται

184 1956 210 1986 L
223 1956 249 1986 P
261 1956 355 1986 Harl.
370 1967 377 1986 τ
400 1958 546 1997 φαίνεται
562 1958 593 1988 V
789 1968 802 1988 1
813 1969 824 1988 1
854 1960 891 1990 ἄν
908 1972 992 1990 τινες
1008 1962 1073 1990 τῶν
1090 1960 1264 1998 ὑποκριτῶν
1282 1957 1307 1986 L
1319 1956 1364 1988 P:
1389 1957 1428 1988 ἂν
1443 1959 1507 1988 τῶν

183 2002 358 2041 ὑποκριτῶν
382 2009 455 2030 cum
483 2006 568 2040 spat.
597 2002 693 2032 trium
717 2002 779 2032 litt.
807 2012 912 2032 vacuo
937 2002 987 2032 V:
1022 2003 1092 2033 ἀντὶ
1117 2003 1181 2032 τῶν
1206 2002 1381 2041 ὑποκριτῶν
1406 1999 1501 2030 Harl.

186 2053 223 2082 13
247 2043 339 2075 τέκος
355 2054 419 2074 orn.
438 2044 468 2074 V
601 2056 636 2083 14
662 2044 823 2086 παρῶμεν]
844 2045 877 2076 τί
893 2048 1026 2086 &peip-ev,-
1053 2044 1217 2075 Morstadt
1348 2052 1385 2082 15
1409 2042 1506 2084 στρά-

182 2100 282 2126 τευμα
297 2086 328 2117 V
476 2089 515 2119 16
538 2088 627 2131 μάχῃ
644 2089 877 2119 Valckenaer:
901 2091 985 2127 μακῆ
1004 2088 1066 2118 LP
1081 2099 1088 2118 :
1111 2090 1217 2128 μακρῶ
1233 2087 1264 2117 V
1281 2086 1376 2118 Harl.
1394 2087 1454 2117 sed
1471 2087 1504 2116 in

182 2132 284 2170 μακρῆ
299 2140 383 2161 corr.
397 2131 494 2162 ambo
630 2142 665 2170 17
691 2132 800 2168 βιαίως
815 2131 1011 2163 Hermann:
1038 2131 1143 2168 βιαίας
1158 2131 1183 2160 L
1196 2130 1222 2160 P
1233 2130 1327 2161 Harl.
1346 2140 1353 2160 :
1377 2129 1505 2167 βιαίαν

186 2175 223 2203 18
246 2174 307 2214 γὰρ
325 2176 380 2206 οὐκ
398 2175 504 2206 ἔνεστι
524 2175 555 2205 V
651 2177 766 2216 ἄλγιον
782 2175 879 2216 βάρος
897 2175 923 2204 L
935 2175 961 2205 P
976 2186 983 2204 :
1008 2176 1183 2215 ἀλγίβαρος
1201 2173 1297 2204 Harl.
1313 2185 1320 2204 z
1345 2172 1504 2214 βάρβαρος

181 2216 231 2247 V:
258 2217 385 2257 ἀλγέων
403 2219 476 2251 ἄκος
496 2219 679 2250 Kirehhoff
764 2228 803 2256 19
827 2220 859 2259 ἐξ
875 2217 910 2249 οὗ
925 2219 958 2258 γ’
978 2218 1003 2248 L
1017 2218 1042 2248 P
1057 2229 1063 2249 :
1089 2220 1122 2258 ἐξ
1138 2217 1192 2249 ὥτ’
1211 2216 1307 2248 Harl.
1327 2228 1334 2247 z
1360 2218 1392 2256 ἐξ
1408 2215 1456 2248 ὅτ’
1472 2215 1503 2245 V

183 2260 289 2301 ἔκρινα
307 2260 333 2290 L
345 2260 370 2291 P
503 2260 711 2303 Ἀλέξανδρος
729 2272 747 2292 e
764 2261 794 2291 V
812 2261 1020 2292 referebatur
1035 2272 1042 2291 ε
1066 2260 1276 2302 Ἀλεξάνδρου
1293 2259 1320 2290 L
1338 2259 1364 2290 P
1381 2259 1476 2289 Harl.
1492 2269 1499 2288 ε

184 2303 292 2344 ἀλέξαι
308 2304 339 2334 V
441 2316 483 2335 20
510 2307 658 2346 προήκειν
674 2305 903 2336 Valckenaer:
931 2305 1106 2346 προσήκειν
1123 2303 1218 2335 codd.
1321 2313 1361 2334 21
1387 2301 1501 2335 Ἀθάνα

182 2347 392 2379 Valckenaer
565 2348 724 2389 φιλτάτης
750 2348 984 2380 Valckenaer:
1016 2348 1148 2388 φίλτατ’
1176 2347 1304 2388 (φίλατ’
1328 2346 1373 2387 V)
1399 2345 1496 2377 codd.

184 2400 223 2420 20
249 2391 303 2432 βίᾳ
320 2402 383 2422 om.
404 2392 433 2421 V
