1658 2740
634 125 918 162 ΟΡΕΣΤΙΙΣ

116 232 187 268 Χο.
224 228 395 278 ζηλωτὸς
421 230 531 270 ὅστις
557 229 775 281 εὐτύχησεν
801 230 840 270 ἐς
865 227 983 268 τέκνα

219 296 280 335 καὶ
304 295 357 346 μὴ
378 295 586 345 ’πισήμους
611 296 820 348 συμφορὰς
845 293 1052 344 ἐκτήσατο.

114 364 187 413 Op.
208 360 237 401 ὦ
263 361 392 413 γέρον,
421 362 496 413 ἐγώ
522 379 582 402 τοι
608 362 703 414 πρὸς
730 364 776 402 σὲ
802 361 986 412 δειμαίνω
1013 361 1159 412 λέγειν,

216 429 314 468 ὅπου
341 430 387 468 σὲ
413 427 549 478 μέλλω
576 427 652 478 σήν
678 445 720 468 τε
745 427 940 479 λυπήσειν
966 427 1107 479 φρένα.
1375 441 1439 471 545

274 493 328 509 ‘3⁸³³'

219 496 315 549 ἐγῳο
333 526 341 541 ,
370 495 530 537 ἀνόσιός
557 496 633 546 εἶμι
660 494 809 547 μητέρα
837 494 999 540 κτανών,

217 562 328 603 ὅσιος
355 560 397 601 δέ
422 561 459 613 γ’
488 562 621 614 ἕτερον
649 563 785 612 ὄνομα,
813 565 992 613 τιμωρῶν
1017 562 1144 612 πατρί.

285 627 487 668 ἀπελθέτω
514 627 559 678 δὴ
587 632 667 670 τοῖς
693 629 879 680 λόγοισιν
904 628 1080 668 ἐκποδὼν

219 698 263 734 τό
290 697 410 746 γῆρας
435 695 528 745 ἡμῖν
554 694 600 735 τὸ
629 696 715 740 σόν,
743 695 765 734 ὅ
789 694 827 746 μ’
855 695 1079 745 ἐκπλήσσει
1103 696 1239 746 λόγου,

220 762 282 801 καὶ
310 761 393 800 καθ’
420 760 509 802 ὁδὸν
539 762 629 812 εἶμι·
666 765 734 802 νῦν
761 764 802 802 δὲ
824 761 900 811 σὴν
925 765 1060 814 ταρβῶ
1087 763 1214 814 τρίχα.
1379 773 1443 803 550

285 828 325 867 τί
347 829 447 880 χρῆν
474 845 522 879 με
548 830 709 880 δρᾶσαι;
747 828 814 868 δύο
841 830 916 880 γὰρ
943 828 1097 870 ἀντίθες
1121 831 1240 868 δυοῖν·

218 893 345 944 πατὴρ
370 896 442 944 μὲν
469 894 690 947 ἐφύτευσέν
718 912 778 946 με,
808 894 859 944 σὴ
885 894 916 933 δ’
943 895 1068 935 ἔτικτε
1093 898 1195 940 παῖς,

219 959 263 999 τὸ
289 959 433 1012 σπέρμ’
459 960 605 1013 ἄρουρα
633 960 913 1013 παραλαβοῦσ’
938 961 1064 1001 ἄλλον
1089 961 1205 1012 πάρα·

220 1026 312 1066 ἄνευ
336 1029 377 1066 δὲ
405 1027 549 1078 πατρὸς
576 1027 716 1068 τέκνον
742 1027 809 1067 οὐκ
836 1029 893 1077 εἵη
921 1027 1008 1067 ποτ’
1033 1027 1093 1067 ἄν.

220 1092 467 1144 ἐλογισάμην
493 1094 560 1133 οὖν
588 1097 640 1148 τῷ
668 1093 805 1146 γένους
832 1093 1031 1149 ἀρχηγέτῃ
1379 1105 1443 1136 555

219 1159 375 1208 μᾶλλόν
399 1176 448 1210 με
475 1163 595 1211 φῦναι
621 1162 688 1210 τῆς
713 1159 946 1210 ὑποστάσης
970 1159 1132 1212 τροφάς.

218 1225 240 1275 ἡ
267 1224 319 1275 σὴ
347 1227 387 1265 δὲ
415 1224 789 1281 θυγάτηρ-μητέρ’
816 1231 997 1281 αἰδοῦμαι
1021 1230 1214 1282 λέγειν-

222 1292 380 1332 ἰδίοισιν
406 1293 630 1343 ὑμεναίοισι
657 1292 769 1344 κούχὶ
794 1292 1005 1343 σώφροσιν

220 1359 261 1400 ἐς
286 1358 426 1410 ἀνδρὸς
450 1357 510 1415 ᾔει
532 1357 676 1410 λέκτρ’·
712 1358 891 1409 ἐμαυτόν,
918 1354 966 1407 ἢν
990 1357 1096 1410 λέγω

217 1428 342 1467 κακῶς
368 1426 532 1476 ἐκείνην,
560 1424 691 1477 ἐξερῶ·
728 1424 832 1475 λέξω
857 1423 890 1464 δ’
916 1425 1032 1475 ὅμως.
1382 1430 1445 1469 560

219 1493 410 1543 Αἴγισθος
436 1491 484 1542 ἧν
509 1493 529 1532 ὁ
555 1491 720 1544 κρυπτὸς
744 1493 788 1532 ἐν
813 1491 946 1542 δόμοις
976 1491 1104 1532 πόσις.

217 1561 355 1598 τοῦτον
383 1557 607 1605 κατέκτειν’,
633 1559 698 1599 ἐπὶ
724 1557 757 1598 δ’
784 1559 908 1599 ἔθυσα
931 1557 1090 1609 μητέρα,

220 1624 364 1665 ἀνόσια
389 1627 461 1675 μὲν
485 1628 599 1677 δρῶν,
627 1625 734 1665 ἀλλὰ
758 1628 938 1677 τιμωρῶν
962 1625 1092 1675 πατρί.

287 1690 351 1743 ἐφ’
377 1692 434 1734 οἷς
460 1691 493 1730 δ’
518 1692 694 1734 ἀπειλεῖς
721 1692 771 1734 ὡς
797 1691 1046 1743 πετρωθῆναί
1067 1708 1113 1741 με
1140 1691 1230 1743 χρή,

220 1757 391 1798 ἄκουσον
417 1758 468 1799 ὡς
493 1757 654 1799 ἅπασαν
678 1757 843 1798 Ἑλλάδ’
868 1758 1027 1809 ὠφελῶ.
1381 1763 1443 1801 565

221 1825 254 1864 εἰ
278 1826 353 1876 γὰρ
379 1827 558 1875 γυναῖκες
582 1826 622 1866 ἐς
647 1824 726 1864 τόδ’
750 1824 913 1876 ἥξουσιν
940 1824 1121 1876 θράσους,

221 1892 363 1942 ἀνδρας
388 1891 583 1943 φονεύειν,
613 1892 842 1944 καταφυγὰς
867 1891 1095 1941 ποιούμεναι

221 1958 261 1997 ἐς
286 1956 414 2002 τέκνα,
440 1962 607 2007 μαστοῖς
631 1957 698 1997 τὸν
724 1958 837 1998 ἔλεον
862 1958 1095 2009 θηρώμεναι,

165 2058 228 2087 542
259 2049 446 2090 ηὐτύχησεν
471 2049 560 2080 BV:
595 2049 775 2090 εὐτύχηκεν
800 2050 832 2080 Μ
993 2060 1067 2088 542.
1094 2058 1156 2088 543
1191 2048 1336 2087 Diogeni
1363 2049 1441 2088 (leg.

124 2091 346 2131 Dicaeogeni)
366 2092 479 2122 tribuit
497 2092 591 2123 Stob.
611 2093 642 2122 ss.
661 2102 710 2131 75.
735 2102 773 2123 10
791 2092 912 2131 legens
932 2095 965 2124 ἐν
981 2093 1107 2125 τέκνοις
1128 2097 1131 2131 Ι
1154 2093 1204 2124 καὶ
1223 2093 1267 2131 μὴ
1286 2093 1445 2131 ’πισήμοις

122 2138 299 2176 συμφοραῖς
316 2136 453 2177 ὠδύρετο
574 2145 636 2174 545
661 2137 738 2167 ὅπου
755 2149 793 2176 ’γε
809 2135 922 2175 μέλλω
940 2136 1002 2173 σήν
1018 2150 1048 2167 τι
1069 2136 1251 2174 Musgrave
1346 2138 1445 2173 λυπῆ-

123 2191 176 2210 σαι
194 2178 223 2208 V
362 2180 426 2218 546
459 2179 552 2220 ἐγῷδ’
570 2178 746 2209 Hermann
764 2191 770 2209 :
805 2181 868 2220 ἐγὼ
891 2178 918 2211 δ’
937 2180 1052 2210 codd.:
1081 2179 1208 2209 mavult
1225 2180 1290 2217 546
1299 2189 1348 2218 sq.
1368 2184 1446 2218 post

121 2231 186 2261 550
202 2223 344 2253 traicere
363 2222 523 2261 Hartung
669 2231 730 2262 547
757 2225 783 2254 δ’
802 2222 911 2263 ἕτερον
926 2222 958 2252 Μ
972 2222 1003 2252 V
1149 2230 1210 2261 551
1239 2225 1340 2256 δυοῖνέ
1358 2222 1447 2262 λόγω

124 2265 241 2295 Nauck
330 2267 395 2305 556
417 2266 548 2305 μᾶλλόν
563 2280 602 2305 με
620 2268 713 2306 φῦναι
726 2266 858 2296 Verrall
877 2277 882 2296 :
905 2265 1036 2304 μᾶλλόν
1051 2268 1084 2305 μ’
1102 2267 1214 2305 ἀμῦναι
1233 2266 1299 2303 (vel
1320 2265 1446 2305 ἇμύναιί

122 2308 153 2338 Α
168 2309 256 2339 BV:
289 2312 418 2348 μᾶλλον
437 2310 548 2349 ἀμῦναι
569 2309 638 2346 (vel
656 2309 783 2349 ἀμύναι)
804 2309 836 2339 Μ
855 2308 935 2340 LP:
962 2309 1101 2341 κάλλιον
1121 2310 1249 2349 ἀμυνεῖν
1270 2308 1452 2339 Kirchhoff

122 2361 185 2391 559
210 2355 256 2390 εἴη
275 2352 301 2383 Ρ
389 2354 450 2391 561
478 2353 511 2394 ὁ]
529 2353 558 2384 οἱ
575 2352 691 2383 Nauck
788 2353 851 2393 564
875 2352 956 2393 χρή]
975 2355 1025 2384 δεῖ
1039 2353 1069 2383 V
1082 2353 1107 2383 L
1202 2353 1266 2391 566
1289 2353 1402 2390 ἥκουσι
1418 2352 1448 2381 V

123 2395 237 2435 θράσος
256 2395 323 2426 BV
339 2407 345 2427 :
369 2405 453 2427 corr.
471 2396 490 2426 b
