1658 2740
667 127 1016 166 ΕΥΡΙΠΙΔΟΥ

274 228 318 268 τὸ
343 233 457 280 σῶμα
483 229 643 279 τούμόν,
671 230 767 282 ὅπερ
793 230 944 271 ἔτικτεν
968 231 1037 282 ἥδε
1063 248 1142 278 σοι,

271 293 323 346 μή
348 294 388 345 μ’
414 293 623 352 ἀπολέσῃς
648 295 789 348 ἄωρον·
828 297 900 347 ἡδὺ
925 299 1000 350 γὰρ
1024 297 1069 338 τὸ
1095 302 1180 351 φῶς

269 361 453 411 βλέπειν·
493 364 542 403 τὰ
571 363 604 402 δ’
629 362 705 404 ὑπὸ
730 365 803 415 γῆς
826 362 879 415 μή
903 363 943 414 μ’
969 365 1066 405 ἰδεῖν
1091 364 1333 423 ἀναγκάσῃς.

269 428 400 480 πρώτη
428 428 466 468 σ’
495 428 674 470 ἐκάλεσα
698 429 849 482 πατέρα
875 431 937 471 καὶ
963 431 1013 471 σὺ
1040 430 1143 472 παῖδ’
1170 431 1250 483 ἐμέ·
1416 446 1500 470 1220

269 495 399 547 πρώτη
431 498 474 536 δὲ
502 496 648 548 γόνασι
675 501 790 537 σοῖσι
815 501 930 548 σῶμα
954 497 1064 538 δοῦσ’
1092 499 1186 549 ἐμὸν

269 563 391 614 φίλας
415 561 585 616 χάριτας
613 563 741 604 ἔδωκα
767 563 1071 615 κάντεδεξάμην.

267 629 389 681 λόγος
413 629 445 669 δ’
470 630 490 668 ὁ
516 631 588 679 μὲν
619 629 689 671 σὸς
716 629 764 680 ἦν
789 630 858 671 ὅδ’·
890 629 994 683 qApci
1020 630 1072 678 o·’‚
1100 629 1129 672 ὦ
1154 630 1305 680 τέκνον,

268 695 461 746 εὐδαίμον’
488 696 630 748 ἀνδρὸς
659 697 702 736 ἐν
729 697 910 747 δόμοισιν
935 699 1100 750 ὄψομαι,

270 761 400 811 ζῶσάν
427 778 470 802 τε
497 763 558 802 καὶ
586 761 823 803 θάλλουσαν
849 762 968 814 ἀξίως
995 765 1108 814 ἐμοῦ;
1413 778 1496 809 1225

333 828 451 879 οὑμὸς
476 828 509 869 δ’
534 827 590 868 ὅδ’
622 827 670 879 ἦν
697 829 743 869 αὖ
769 830 857 881 περὶ
885 829 959 871 σὸν
984 828 1258 883 ἐξαρτωμένης

267 894 433 946 γένειον,
461 895 506 936 οὗ
532 899 601 936 νῦν
631 895 890 947 ἀντιλάζυμαι
916 898 1017 950 χερί·

265 962 318 1001 Τί
341 961 373 1002 δ’
399 961 458 1014 ἆρ’
486 963 564 1014 ἐγὼ
594 961 660 1009 σέ;
692 962 876 1014 πρέσβυν
902 963 962 1016 ἆρ’
988 962 1199 1015 ἐσδέξομαι

265 1029 367 1079 ἐμῶν
394 1029 582 1081 φίλαισιν
610 1029 829 1082 ὑποδοχαῖς
855 1030 998 1081 δόμων,
1026 1029 1161 1082 πάτερ,

265 1095 395 1135 πόνων
421 1095 602 1146 τιθηνοὺς
633 1095 883 1137 ἀποδιδοῦσά
909 1113 974 1138 σοι
999 1096 1170 1150 τροφάς,·
1413 1109 1498 1141 1230

328 1162 477 1202 τούτων
503 1163 581 1214 ἐγὼ
608 1164 680 1212 μὲν
710 1165 787 1203 τῶν
814 1163 949 1215 λόγων
973 1162 1129 1214 μνήμην
1154 1163 1247 1217 ἔχω,

263 1229 312 1269 σὺ
339 1227 370 1268 δ’
397 1228 652 1278 ἐπιλέλησαι,
685 1229 751 1269 καί
773 1229 813 1279 μ’
842 1229 1071 1270 ἀποκτεῖναι
1096 1229 1236 1273 θέλεις.

260 1293 325 1345 μή,
353 1295 448 1347 πρός
474 1311 520 1335 σε
549 1294 739 1337 Πέλοπος
771 1312 833 1336 και
860 1295 956 1347 πρὸς
981 1295 1150 1348 Ἀτρέως
1175 1296 1321 1348 πατρὸς

261 1362 322 1402 καὶ
346 1363 468 1411 τῆσδε
494 1362 653 1414 μητρός,
680 1360 703 1412 ἢ
736 1363 826 1413 πρὶν
855 1362 1037 1403 ὠδίνουσ’
1065 1364 1132 1413 ἐμὲ

258 1432 325 1469 νῦν
351 1427 534 1480 δευτέραν
565 1428 686 1468 ὠδῖνα
714 1427 833 1478 τήνδε
858 1428 1070 1480 λαμβάνει.
1412 1441 1493 1474 1235

258 1497 298 1536 τί
318 1512 383 1546 μοι
408 1494 575 1545 μέτεστι
601 1498 679 1535 τῶν
710 1493 980 1547 Ἀλεξάνδρου
1004 1495 1142 1548 γάμων

255 1561 422 1612 Ἑλένης
447 1579 507 1607 τε,·
549 1562 672 1602 πόθεν
705 1560 793 1611 ἦλθ’
823 1561 884 1602 ἐπ’
911 1561 1061 1616 ὀλέθρῳ
1087 1562 1215 1617 τώμῷ,
1246 1560 1388 1613 πάτερ,·

254 1628 419 1680 βλέψον
446 1628 542 1680 πρὸς
568 1627 684 1679 ἡμᾶς,
718 1629 824 1679 ὄμμα
853 1627 918 1669 δὸς
944 1628 1100 1681 φίλημά
1125 1645 1179 1675 τε,

254 1694 302 1735 ἵν’
327 1696 434 1735 ἀλλὰ
460 1698 576 1734 τοῦτο
604 1694 849 1735 κατθανοῦσ’
877 1694 956 1748 ἔχω
983 1694 1102 1736 σέθεν

252 1764 455 1812 μνημεῖον,
483 1757 531 1811 ἢν
559 1760 610 1812 μὴ
638 1764 720 1803 τοῖς
752 1762 863 1812 ἐμοῖς
890 1763 1056 1818 πεισθῇς
1083 1763 1231 1814 λόγοις.
1405 1773 1491 1805 1240

318 1827 483 1880 ἀδελφέ,
514 1827 651 1879 μικρὸς
679 1830 752 1878 μὲν
795 1828 846 1868 σύ
870 1827 906 1880 γ’
933 1829 1136 1880 ἐπίκουρος
1165 1829 1311 1881 φίλοις,

252 1897 356 1946 ὅμως
382 1897 423 1935 δὲ
451 1893 741 1945 συνδάκρυσον,
783 1893 985 1936 ἱκέτευσον
1010 1894 1155 1947 πατρὸς

250 1962 321 2012 τὴν
347 1960 423 2010 σὴν
449 1961 631 2013 ἀδελφὴν
660 1961 712 2012 μὴ
742 1964 890 2002 θανεῖν·
930 1961 1106 2012 αἴσθημά
1133 1978 1194 2002 τοι

251 2029 323 2069 κάν
349 2028 503 2079 νηπίοις
527 2045 573 2080 γε
605 2031 683 2069 τῶν
711 2032 840 2069 κακῶν
869 2029 1105 2081 ἐγγίγνεται.

319 2095 400 2136 ἰδοὺ
428 2098 591 2135 σιωπῶν
622 2095 816 2136 λίσσεταί
842 2094 879 2134 σ’
901 2095 970 2141 ὅδ’,
998 2093 1027 2135 ὧ
1053 2094 1187 2147 πάτερ.
1403 2107 1487 2139 1245

198 2201 279 2229 1219
304 2190 470 2222 λεύσσειν·
497 2191 539 2222 τὰ
559 2188 585 2222 δ’
606 2190 663 2220 ὑπὸ
680 2191 744 2230 γῆν
764 2188 848 2220 Plut.
871 2189 956 2219 Mor.
979 2198 1008 2228 p.
1033 2199 1069 2227 17
1085 2190 1114 2219 D
1251 2198 1328 2219 1221
1355 2187 1490 2229 γούνασι

154 2234 178 2262 L
192 2234 217 2263 P
334 2244 415 2272 1224
451 2234 633 2271 εὐδαίμονος
654 2233 679 2262 L
696 2231 722 2261 P
740 2244 747 2262 ε
775 2242 858 2263 corr.
879 2231 1020 2262 Pierson
1143 2242 1221 2271 1227
1252 2235 1307 2264 νῦν
1324 2231 1371 2261 L:
1400 2244 1447 2262 νιν
1465 2229 1491 2260 Ρ

151 2277 357 2317 ἀντιλάζομαι
378 2277 403 2307 L
423 2277 448 2307 P
465 2289 471 2307 :
501 2286 586 2307 corr.
613 2274 789 2306 Markland
935 2285 1017 2314 1230
1038 2275 1151 2308 πόνους
1169 2281 1202 2307 et
1219 2277 1339 2317 τροφῆς
1357 2273 1491 2313 Kayser

154 2329 234 2359 1233
261 2334 298 2352 σε
320 2320 521 2351 Markland:
550 2333 591 2360 -γε
613 2319 638 2348 L
652 2319 678 2349 P
771 2328 851 2358 1234
879 2321 981 2356 τῆσδε
1000 2318 1050 2348 L:
1074 2321 1132 2357 τῆς
1148 2332 1188 2360 γε
1207 2319 1233 2349 Ρ
1325 2327 1404 2357 1237
1423 2316 1489 2347 del.

153 2363 316 2394 Matthiae
461 2373 543 2401 1240
569 2364 609 2401 ἢν
628 2362 802 2393 Hermann
820 2373 827 2392 :
859 2363 887 2393 εἴ
905 2363 930 2392 L
946 2362 991 2393 P:
1024 2364 1051 2394 εἰ
1069 2386 1075 2393 .
1094 2386 1101 2393 .
1122 2386 1129 2393 .
1150 2363 1244 2403 πείσῃ
1263 2360 1439 2399 Elmsley:
1454 2370 1484 2390 v.

153 2407 217 2437 dcl.
245 2407 362 2437 Nauck
518 2416 599 2444 1242
627 2406 686 2437 σὺν
703 2406 855 2446 δάκρυσιν
872 2405 898 2435 P
1052 2415 1133 2445 1243
1159 2419 1208 2439 τοι
1227 2405 1253 2436 L
1269 2405 1295 2435 P
1311 2416 1317 2434 ε
1347 2418 1378 2435 τι
1396 2402 1437 2433 L2
1449 2402 1489 2433 1³²

157 2461 237 2489 1245
271 2451 301 2482 (τ’
320 2448 364 2481 ὅδ’
383 2450 405 2481 ὦ
425 2450 505 2488 Lp:
535 2450 565 2481 ‹r’
583 2449 604 2480 ὦ
625 2448 799 2479 P:etia1n
818 2447 905 2488 σε’-γ’
923 2448 983 2488 ὦρ
