1658 2740
640 146 986 183 ΕΥΡΙΠΙΔΟΥ

250 249 431 289 ναυτικὸν
458 248 669 301 στράτευμ’
694 249 870 302 ἄναρχοι·
892 249 984 289 κάπὶ
1008 253 1090 291 τοῖς
1112 252 1241 291 κακοῖς
1260 251 1387 302 θρασύ
1405 283 1413 292 .
1434 282 1443 293 .
1461 283 1470 293 .

249 315 449 368 χρήσιμον
470 316 514 362 δ’,
537 317 630 356 ὅταν
648 316 832 357 θέλωσιν.
892 313 941 366 ἣν
958 318 1000 357 δὲ
1018 315 1221 372 τολμήσῃς
1241 317 1292 357 σύ
1308 334 1382 368 μου
1407 331 1470 362 9ῐ5

247 382 347 436 χεῖρ’
374 384 609 435 ὑπερτεῖναι,
638 381 874 437 σεσῴσμεθ’·
913 384 946 423 εἰ
972 385 1012 424 δὲ
1036 382 1102 434 μή,
1130 383 1174 422 οὐ
1199 381 1452 439 σεσῴσμεθα.

148 451 219 489 Χο.
316 449 443 490 δεινὸν
468 449 512 490 τὸ
538 451 680 490 τίκτειν
708 450 769 490 καὶ
795 449 910 502 φέρει
935 450 1104 502 φίλτρον
1128 449 1232 501 μέγα

316 517 438 556 πᾶσίν
463 533 504 556 τε
536 516 665 556 κοινὸν
691 516 788 556 ὥσθ’
813 515 1076 568 ὑπερκάμνειν
1101 515 1262 557 τέκνων.

147 584 222 635 Αχ.
311 583 563 635 ὑψηλόφρων
588 600 654 634 μοι
679 582 800 633 θυμὸς
825 585 976 635 αἴρεται
1000 583 1152 636 πρόσω·

317 649 534 699 ἐπίσταμαι
562 652 602 690 δὲ
628 653 709 692 τοῖς
736 651 897 690 κακοῖσί
915 649 948 689 τ’
975 651 1164 703 ἀσχαλᾶν
1404 663 1470 698 9²0

313 716 481 767 μετρίως
505 733 547 756 τε
572 717 727 768 χαίρειν
752 720 882 756 τοῖσιν
907 714 1213 768 ἐξωγκωμένοις.

314 782 602 834 λελογισμένοι
627 784 701 834 γὰρ
727 785 762 823 οἱ
788 782 922 823 τοιοίδ’
950 782 1052 824 εἰσὶν
1077 786 1234 835 βροτῶν

311 849 435 900 ὀρθῶς
461 849 597 899 διαζῆν
622 849 690 889 τὸν
716 850 810 899 βίον
834 850 991 901 γνώμης
1019 849 1129 901 μέτα.

380 915 490 956 ἔστιν
515 918 586 966 μὲν
612 916 679 956 οὖν
704 916 753 956 ἵν’
778 916 849 966 ἡδὺ
873 916 924 967 μὴ
951 917 1043 957 λίαν
1069 919 1246 969 φρονεῖν,

312 983 423 1023 ἔστιν
449 985 490 1023 δὲ
516 983 653 1036 χῶπου
678 982 876 1036 χρήσιμον
901 983 1060 1035 γνώμην
1086 983 1207 1037 ἔχειν.
1403 995 1465 1028 925

314 1050 390 1101 ἐγὼ
417 1049 461 1096 δ’,
491 1050 532 1089 ἐν
558 1050 698 1102 ἀνδρὸς
724 1049 1021 1101 εὐσεβεστάτου
1045 1050 1208 1102 τραφεὶς

313 1116 525 1167 Χείρωνος,
554 1116 700 1167 ἔμαθον
724 1116 814 1158 τοὺς
839 1117 1008 1168 τρόπους
1032 1118 1182 1159 ἁπλοῦς
1207 1116 1327 1170 ἔχειν.

311 1183 373 1222 καὶ
399 1186 479 1224 τοῖς
503 1182 734 1234 Ἀτρείδαις,
761 1180 810 1232 ἦν
835 1186 906 1233 μὲν
931 1183 1103 1235 ἡγῶνται
1130 1186 1271 1229 καλῶς,

309 1248 528 1300 πεισόμεθ’,
555 1251 650 1289 ὅταν
674 1252 715 1289 δὲ
740 1249 792 1300 μὴ
820 1253 960 1296 καλῶς,
989 1249 1033 1289 οὐ
1059 1250 1259 1301 πείσομαι.

306 1315 398 1355 ἀλλ’
425 1314 554 1355 ἐνθάδ’
581 1317 621 1355 ἐν
646 1317 770 1369 Τροίᾳ
794 1315 827 1354 τ’
854 1315 1065 1368 ἐλευθέραν
1092 1317 1217 1368 φύσιν
1399 1329 1463 1360 930

308 1381 509 1436 παρέχων,
532 1380 634 1433 ’Ἄρη
661 1386 705 1422 τὸ
733 1382 816 1422 κατ’
843 1384 911 1433 ἐμὲ
938 1381 1128 1433 κοσμήσω
1155 1383 1250 1434 δορί.

373 1451 423 1490 σὲ
447 1448 492 1495 δ’,
519 1447 548 1488 ὦ
575 1447 748 1502 σχέτλια
772 1451 956 1489 παθοῦσα
981 1449 1078 1501 πρὸς
1104 1453 1181 1490 τῶν
1209 1447 1425 1501 φιλτάτων,

306 1516 329 1555 a
355 1514 400 1566 δὴ
429 1514 512 1555 κατ’
537 1515 661 1567 ἄνδρα
685 1516 864 1568 γίγνεται
890 1516 1062 1562 νεανίαν,

300 1585 492 1622 τοσοῦτον
517 1582 646 1622 οἶκτον
671 1583 904 1634 περιβαλὼν
930 1585 1176 1631 καταστελῶ,

306 1649 471 1689 κοῦποτε
497 1649 588 1700 κόρη
616 1648 666 1699 σὴ
694 1648 789 1700 πρὸς
815 1648 960 1700 πατρὸς
987 1647 1258 1701 σφαγήσεται,
1400 1659 1462 1693 935

306 1714 377 1765 ἐμὴ
405 1715 647 1767 φατισθεῖσ’·
686 1716 730 1756 οὐ
757 1717 830 1768 γὰρ
857 1714 1070 1766 ἐμπλέκειν
1096 1716 1247 1758 πλοκὰς

305 1783 382 1833 ἐγὼ
408 1780 564 1834 παρέξω
592 1786 650 1836 σῷ
676 1783 795 1823 πόσει
819 1782 963 1833 τούμὸν
989 1780 1120 1834 δέμας.

304 1849 473 1899 τοῦνομα
497 1848 584 1901 γάρ,
613 1850 646 1889 εἰ
672 1849 734 1889 καὶ
758 1849 811 1900 μὴ
839 1850 1001 1901 σίδηρον
1027 1848 1160 1901 ἤρατο,

302 1915 447 1966 τούμὸν
473 1915 663 1968 φονεύσει
689 1918 811 1956 παῖδα
837 1915 928 1966 σήν.
1000 1916 1044 1956 τὸ
1070 1915 1102 1956 δ’
1132 1917 1256 1956 αἴτιον

301 1982 421 2023 πόσις
447 1983 530 2023 σός.
570 1982 691 2034 ἁγνὸν
718 1982 750 2022 δ’
779 1980 904 2023 οὐκέτ’
933 1983 1020 2022 ἐστὶ
1047 1982 1146 2033 σῶμ’
1175 1982 1281 2032 ἐμόν,
1396 1994 1462 2026 940

178 2075 242 2112 916
267 2074 446 2113 σεσώσμεθ’
467 2099 473 2105 .
494 2099 500 2105 .
520 2098 527 2105 .
547 2076 737 2114 σεσώσμεθα
757 2075 781 2105 L
795 2075 821 2105 P
923 2085 1073 2115 919-974
1098 2074 1224 2114 aliquot
1242 2074 1334 2105 locos
1350 2073 1383 2104 in
1401 2073 1463 2104 hae

135 2118 287 2148 oratione
312 2117 605 2156 interpolatoribus
630 2119 782 2149 tribuunt
805 2129 856 2149 vv.
885 2119 985 2157 docti7
1005 2119 1202 2158 praesertim
1226 2126 1389 2157 919—925‚
1409 2117 1462 2147 vel

136 2161 252 2191 saltem
269 2171 332 2200 922
351 2171 414 2201 sq„
431 2171 594 2201 932-934,
607 2163 671 2201 946
688 2172 749 2201 sq„
766 2171 928 2201 952-954,
941 2164 1092 2201 962—974
1108 2173 1115 2192 ι
1132 2162 1264 2199 frustra,
1281 2171 1334 2191 me
1352 2160 1463 2191 iudice

136 2214 200 2242 920
224 2205 398 2244 ἐπίσταμαι
418 2204 598 2243 Musgrave
615 2216 620 2234 :
646 2206 818 2237 ἐπίσταται
837 2206 863 2235 L
878 2206 903 2235 Ρ
990 2216 1053 2245 922
1071 2215 1118 2244 sq.
1148 2205 1261 2234 Choro
1278 2203 1352 2234 trib.
1373 2203 1399 2233 L
1413 2203 1439 2233 Ρ
1456 2214 1463 2233 :

136 2257 219 2277 corr.
237 2247 370 2288 Burges
459 2250 520 2280 εἰσὶ
540 2248 593 2279 vel
612 2250 671 2280 εἶσι
691 2249 716 2279 L
732 2249 757 2278 P
845 2258 909 2288 929
933 2250 967 2280 οὐ
985 2249 1134 2288 πείσομαι
1153 2247 1214 2277 L2:
1238 2249 1273 2279 οὐ
1289 2246 1464 2286 πεισόμεθα

139 2290 163 2319 L
179 2291 203 2320 P
291 2302 352 2330 931
375 2290 454 2332 ’Ἄρη
471 2302 639 2331 suprascr.
660 2293 725 2333 ἄρει
744 2293 776 2322 in
794 2297 889 2323 textu
916 2291 942 2321 L
955 2291 981 2321 P
1067 2293 1106 2323 τὸ
1132 2291 1287 2322 Brodeau
1302 2301 1308 2322 :
1334 2293 1379 2322 τῶ
1397 2290 1422 2320 L
1438 2290 1464 2319 P

136 2343 199 2371 932
223 2338 365 2366 παθοῦσα
385 2335 529 2375 σχέτλια
546 2335 676 2366 Barnes
779 2344 842 2375 935
867 2338 984 2367 οὔποτε
1005 2334 1159 2374 England
1262 2334 1327 2373 938
1352 2333 1461 2372 καὶμὴ

138 2376 296 2407 Musurus
314 2389 319 2408 :
344 2379 385 2416 μὴ
404 2379 456 2410 καὶ
477 2378 500 2407 L
515 2378 541 2408 P
651 2378 774 2419 ἠράμην
791 2378 908 2410 Nauck
925 2390 930 2409 :
955 2378 994 2409 cs.
1010 2389 1039 2409 v.
1059 2388 1124 2417 920
1233 2387 1299 2416 940
1322 2376 1417 2417 ἁγνὸς
1437 2375 1462 2406 Ρ
