1658 2740
592 119 939 157 ΕΎΡΙΠΙΔΟΎ

200 225 301 274 χρῆν
326 224 400 274 γὰρ
426 225 561 263 θανεῖν
587 239 648 263 νιν
675 221 720 272 ἐξ
742 224 848 273 ἐμοῦ·
888 222 1032 274 πέμπει
1056 223 1099 264 δέ
1122 241 1170 274 με

199 288 353 338 μαστὸν
379 291 579 329 ποθοῦντα
606 290 745 341 θηρσὶν
770 289 910 330 ἄθλιον
934 289 1076 341 βοράν·

199 354 243 394 οὗ
269 354 773 409 σῳζόμεσθα-Ταρτάρου
796 357 871 408 γὰρ
899 356 1057 408 ὤφελεν

200 421 331 461 ἐλθεῖν
358 423 556 474 Κιθαιρὼν
584 423 638 464 εἰς
662 421 831 474 ἄβυσσα
853 421 1056 476 χάσματα,
1344 426 1426 467 1605

200 487 242 528 ὅς
265 487 305 538 μ’
331 488 375 528 οὗ
401 488 577 535 διώλεσ’,
605 489 712 529 ἀλλὰ

693 556 908 597 δουλεῦσαί
929 555 973 597 τέ
995 573 1063 608 μοι

200 621 348 672 δαίμων
374 621 495 663 ἔδωκε
522 622 719 673 Πόλυβον
744 623 847 675 ἀμφὶ
872 624 1085 673 δεσπότην.

267 688 417 728 κτανὼν
443 687 477 728 δ’
502 689 672 740 ἐμαυτοῦ
697 688 832 740 πατέρ’
857 690 878 729 ὁ
903 691 1129 740 δυσδαίμων
1157 690 1235 741 ἐγὼ

200 755 240 795 ἐς
264 754 409 806 μητρὸς
433 753 559 805 ἦλθον
585 757 655 805 τῆς
680 755 931 808 ταλαιπώρου
956 755 1090 808 λέχος,

199 819 339 862 παῖδάς
363 819 396 860 τ’
422 821 625 874 ἀδελφοὺς
652 822 800 868 ἔτεκον,
828 821 894 864 οὓς
919 822 1124 868 ἀπώλεσα,
1343 825 1427 859 1610

199 887 293 938 ἀρὰς
318 888 566 939 παραλαβὼν
593 887 716 928 Λαΐου
742 889 805 929 καὶ
829 887 944 929 παισὶ
969 888 1070 931 δούς.

199 952 243 993 οὐ
268 955 343 1005 γὰρ
366 958 558 995 τοσοῦτον
587 954 778 997 ἀσύνετος
803 953 946 1007 πέφυκ’
972 956 1050 1008 ἐγὼ

198 1019 294 1059 ὥστ’
321 1021 375 1062 εἷς
400 1020 459 1071 ἔμ’
485 1020 627 1072 ὄμματ’
653 1021 694 1063 ἔς
718 1020 751 1062 τ’
776 1022 879 1073 ε’μῶν
904 1022 1054 1063 παίδων
1078 1022 1172 1074 βίον

200 1086 292 1128 ἄνευ
317 1089 415 1127 θεῶν
440 1105 509 1129 του
533 1087 640 1128 ταῦτ’
671 1087 998 1142 ἐμηχανησάμην.

265 1153 357 1194 εῗὲν·
394 1155 435 1195 τί
455 1154 590 1207 δράσω
617 1154 701 1205 δῆθ’
729 1155 749 1194 ὁ
772 1156 998 1206 δυσδαίμων
1023 1156 1121 1208 ἐγώ,·
1345 1159 1426 1198 ¹615

198 1221 256 1262 τίς
279 1220 438 1273 ἡγεμών
461 1238 528 1272 μοι
555 1221 674 1263 ποδὸς
701 1221 917 1273 ὁμαρτήσει
941 1225 1114 1274 τυφλοῦ,·

197 1285 257 1337 ἥδ’
282 1287 306 1338 ἡ
333 1290 526 1335 θανοῦσα,·
567 1288 675 1338 ζῶσά
701 1287 738 1341 γ’
765 1287 814 1329 ἂν
840 1287 939 1341 σάφ’
967 1288 1038 1330 οἶδ’
1062 1289 1135 1330 ὅτι.

199 1352 290 1394 ἀλλ’
316 1354 494 1396 εὔτεκνος
518 1353 703 1406 ξυνωρίς,·
745 1354 837 1396 ἀλλ’
863 1355 931 1396 οὐκ
956 1355 1044 1396 ἔστι
1069 1372 1149 1407 μοι.

197 1419 288 1460 ἀλλ’
314 1421 370 1461 ἔτι
396 1420 543 1472 νεάζων
569 1421 685 1463 αὐτὸς
714 1421 859 1474 εὕροιμ’
883 1421 932 1463 ἂν
956 1424 1069 1473 βίους

196 1487 336 1534 πόθεν;
374 1494 410 1528 τί
433 1487 473 1539 μ’
497 1488 619 1540 ἄρδην
646 1488 712 1529 ὧδ’
739 1489 998 1535 ἀποκτείνεις,
1027 1487 1174 1541 Κρέον;
1347 1491 1428 1524 1620

196 1554 424 1597 ἀποκτενεῖς
449 1554 537 1608 γάρ,
565 1557 602 1596 εἴ
624 1572 674 1607 με
700 1557 773 1608 γῆς
799 1554 874 1606 ἔξω
898 1558 1054 1607 βαλεῖς.

260 1620 305 1661 οὐ
327 1620 404 1672 μὴν
429 1620 563 1673 ἑλίξας
588 1621 625 1674 γ’
654 1622 757 1675 ἀμφὶ
784 1621 858 1663 σὸν
882 1626 1018 1676 χεῖρας
1041 1623 1138 1674 γόνυ

195 1687 311 1730 κακὸς
337 1691 549 1740 φανοῦμαι·
592 1689 638 1729 τὸ
663 1690 738 1742 γὰρ
767 1690 862 1740 ἐμόν
886 1688 972 1729 ποτ’
1000 1688 1156 1742 εὐγενὲς

193 1754 261 1794 οὐκ
287 1754 334 1794 ἂν
360 1757 559 1806 προδοίην,
593 1755 683 1796 οὐδέ
710 1773 782 1808 περ
808 1754 1004 1809 πράσσων
1030 1759 1168 1798 κακῶς.

99 1822 164 1871 Rp.
193 1822 264 1861 σοί
284 1821 317 1861 τ’
344 1821 385 1862 εὖ
408 1821 597 1863 λέλεκται
623 1823 774 1875 γόνατα
799 1822 853 1875 μὴ
879 1821 1044 1878 χρῴζειν
1069 1820 1156 1874 ἐμά,
1344 1825 1425 1866 1625

193 1888 270 1940 ἐγὼ
295 1890 335 1928 δὲ
362 1889 486 1929 ναίειν
513 1888 552 1929 σ’
585 1890 652 1930 οὐκ
680 1888 840 1940 ἐάσαιμ’
865 1888 912 1929 ἂν
937 1890 1076 1944 χθόνα.

140 1980 220 2010 1602
245 1994 292 2012 νιν
308 1991 371 2011 orn.
394 1981 425 2011 M
440 1982 466 2011 B
633 1984 715 2013 1606
739 1983 780 2015 ὥς
795 1982 828 2022 μ’
844 1982 875 2012 Μ
990 1981 1059 2023 μοι]
1076 1995 1115 2022 με
1131 1981 1163 2011 Α
1324 1981 1426 2012 ¹606-

97 2023 175 2062 1607
201 2023 353 2055 lacunam
380 2025 536 2064 indicavi,
556 2026 596 2057 cf.
623 2030 647 2060 Σ
671 2027 712 2057 ad
737 2026 799 2057 loc.
821 2038 827 2056 ε
853 2025 1072 2058 δουλεύσοντά
1094 2039 1134 2065 με
1160 2024 1314 2056 Porsen:
1339 2025 1428 2056 ἀλλὰ

93 2069 263 2099 δουλεῦσαι
278 2069 324 2100 (τί
332 2082 385 2107 μοι
399 2069 518 2108 δαίμων
534 2072 556 2105 ς)
573 2071 669 2102 ἔδωκε
684 2069 795 2100 Bothe
867 2071 948 2108 1607
967 2069 1082 2101 δέδωκε
1093 2069 1124 2099 Α
1204 2068 1285 2099 1608
1302 2067 1346 2108 δ’]
1360 2070 1385 2099 θ’
1399 2068 1425 2098 Β

97 2111 178 2140 1610
202 2111 248 2151 τ’]
267 2111 292 2142 δ’
313 2112 341 2141 Α
440 2114 521 2152 1613
546 2114 622 2152 ἐμὸν
641 2113 672 2143 Μ
766 2115 849 2151 1614
873 2127 932 2144 του
946 2113 971 2142 L
986 2124 993 2143 ·.
1011 2113 1081 2144 ἀντὶ
1092 2115 1149 2144 τοῦ
1161 2125 1249 2144 τινος
1267 2111 1334 2145 EM
1349 2111 1427 2144 2V:

93 2156 150 2184 τοῦ
169 2153 199 2183 M
215 2154 241 2184 B
255 2155 283 2184 V
296 2155 320 2184 P
340 2155 443 2188 -”τοῦτ’
462 2157 500 2188 αὖ
511 2157 541 2188 τ’
558 2157 605 2196 Α)
829 2158 911 2195 1617
934 2155 967 2197 'y'
986 2157 1024 2188 ἂν
1044 2155 1075 2185 Μ
1093 2156 1160 2186 VL
1175 2155 1201 2186 P
1216 2169 1268 2196 Ὑρ.
1292 2154 1318 2184 Β
1334 2165 1342 2185 :
1365 2156 1427 2195 ’γὰρ

93 2195 162 2226 ΑΒ
268 2200 350 2229 1618
375 2201 444 2231 ἔστ’
465 2200 511 2231 ἔτι
531 2200 708 2231 Kirchhoff
809 2201 892 2239 1619
915 2202 1009 2232 αὐτὸς
1027 2209 1092 2230 om.
1110 2199 1141 2228 V
1244 2199 1328 2229 1620
1352 2199 1426 2230 ἆπο-

95 2242 228 2273 κτείνεις
250 2242 274 2272 L
287 2242 332 2272 P:
359 2244 545 2275 ἀποκτενεῖς
564 2243 636 2275 rell.
777 2245 857 2275 1621
885 2243 949 2275 del.
968 2242 1151 2274 Kirchhoff
1290 2244 1369 2272 1622
1392 2240 1425 2282 γ’

93 2293 157 2313 om.
176 2284 207 2314 A
220 2285 250 2315 V
334 2285 432 2327 χέρας
450 2286 631 2317 WVecklein
726 2288 806 2326 1624
832 2288 904 2320 οὐδέ
921 2286 995 2328 περ]
1015 2286 1167 2327 καίπερῙ,
1258 2287 1340 2324 1625
1365 2291 1420 2318 Xo.

96 2327 199 2366 praes.
221 2327 271 2359 A:
297 2338 383 2360 corr.
400 2329 446 2360 Α2
580 2329 711 2371 χρήζειν
733 2331 759 2360 L
896 2332 977 2361 1626
1002 2332 1064 2371 ἐγώ
1081 2343 1117 2362 τε
1135 2330 1165 2360 V
