1658 2740
667 139 951 176 ΟΡΕΣΤΙΙΣ

149 244 223 282 Με.
254 244 296 284 τί
316 245 482 295 δρῶντες
507 245 529 284 ὅ
554 261 591 284 τι
617 243 681 284 καὶ
706 245 836 295 σαφὲς
863 243 968 295 ἔχεις
996 244 1120 283 εἰπεῖν
1144 243 1251 292 ἐμοί,·

144 310 218 359 Ορ.
245 311 384 361 ψῆφος
411 310 494 350 καθ’
521 310 629 361 ἡμῶν
655 311 809 350 οἴσεται
835 309 917 365 τῇδ’
944 309 1078 362 ἡμέρᾳ.
1405 322 1473 353 440

146 377 221 415 Με.
251 376 414 427 φεύγειν
439 377 558 417 πόλιν
583 375 709 426 τήνδ’;
749 373 771 425 ἢ
798 379 931 415 θανεῖν
956 372 979 425 ἢ
1003 375 1055 426 μὴ
1081 377 1232 421 θανεῖν;

144 443 220 493 Ορ.
248 444 380 483 θανεῖν
404 443 627 484 ὑπ’“ἆστῶν
652 443 829 496 λευσίμῳ
856 442 1092 494 πετρώματι.

145 510 219 548 Με.
247 507 328 562 κᾷτ’
353 509 440 562 οὐχὶ
467 510 626 562 φεύγεις
650 511 722 561 γῆς
747 509 987 561 ὑπερβαλὼν
1010 509 1142 560 ὄρους;

143 577 215 625 Ορ.
248 575 374 630 κύκλῳ
400 577 475 628 γὰρ
502 576 765 626 εἱλισσόμεθα
790 574 1039 628 παγχάλκοις
1064 575 1212 616 ὅπλοις.

144 644 219 682 Me.
250 642 327 695 ἰδίᾳ
352 642 446 694 πρὸς
472 644 626 696 ἐχθρῶν
651 639 674 693 ἢ
701 641 798 694 πρὸς
824 641 1006 694 Ἀργείας
1031 641 1166 695 χερός;
1404 654 1471 685 445

143 710 217 759 Ορ.
243 708 400 749 πάντων
426 708 521 761 πρὸς
547 710 694 756 ἀστῶν,
726 709 776 751 ὡς
803 708 921 749 θάνω·
959 708 1112 761 βραχὺς
1136 708 1269 759 λόγος.

144 777 219 814 Me.
247 772 277 814 ῶ
302 775 454 825 μέλεος,
483 776 590 827 ἥκεις
618 778 829 828 συμφορᾶς
856 777 896 818 ἐς
921 776 1156 828 τοῦσχατον.

142 843 214 893 Ορ.
245 842 285 883 ἐς
311 844 358 882 σὲ
382 843 496 886 ἐλπὶς
522 842 600 893 ἡμὴ
629 844 859 895 καταφυγὰς
887 843 971 895 ἔχει
997 845 1135 882 κακῶν.

308 908 400 949 ἀλλ’
424 909 570 951 ἀθλίως
598 907 853 961 πράσσουσιν
881 908 1046 962 εὐτυχὴς
1070 908 1204 959 μολὼν

240 974 405 1026 μετάδος
429 976 589 1028 φίλοισι
615 979 728 1016 σοῖσι
757 978 832 1026 σῆς
858 974 1081 1026 εὐπραξίας,
1404 987 1469 1019 450

243 1041 305 1081 καὶ
328 1041 381 1092 μὴ
407 1043 525 1092 μόνος
551 1042 596 1082 τὸ
626 1042 808 1095 χρηστὸν
836 1042 1056 1092 ἀπολαβὼν
1081 1042 1162 1094 ἔχε,

240 1106 332 1148 ἀλλ’
353 1107 498 1169 ῥὲζιλά
522 1109 658 1159 ουκαὶ
686 1109 819 1149 πόνων
846 1109 888 1148 ἐν
913 1112 965 1162 τῷ
990 1107 1110 1159 μέρει,

239 1173 402 1227 χάριτας
427 1173 607 1230 πατρῴας
637 1176 803 1216 ἐκτίνων
830 1176 870 1216 ἐς
894 1176 959 1216 οὕς
985 1192 1032 1215 σε
1057 1177 1127 1215 δεῖ.

240 1242 363 1292 ὄνομα
387 1240 473 1293 γάρ,
503 1241 620 1294 ἔργον
647 1241 680 1281 δ’
710 1241 778 1281 οὐκ
803 1242 968 1295 ἔχουσιν
994 1243 1030 1281 οἱ
1055 1241 1170 1293 φίλοι

239 1308 274 1348 οἱ
297 1307 349 1358 μὴ
375 1306 430 1348 ’πὶ
454 1311 563 1349 ταῖσι
592 1311 821 1361 συμφοραῖς
847 1310 958 1350 ὄντες
982 1307 1109 1359 φίλοι.
1372 1334 1375 1336 -
1404 1319 1468 1351 455

141 1375 212 1414 Xo.
241 1373 303 1414 καὶ
327 1374 403 1425 μὴν
427 1374 582 1427 γέροντι
612 1374 713 1426 δεῦρ’
740 1376 955 1426 ἁμιλλᾶται
980 1374 1068 1415 ποδὶ

240 1441 260 1480 ὁ
286 1440 531 1492 Σπαρτιάτης
558 1440 802 1493 Τυνδάρεως,
829 1440 1114 1493 μελάμπεπλος

241 1512 359 1563 κουρᾶ
382 1524 424 1548 τε
448 1507 639 1560 θυγατρὸς
669 1510 843 1563 πενθίμῳ
871 1507 1117 1567 κεκαρμένος.

140 1575 212 1625 Ορ.
239 1549 468 1624 ἀπωὶῖόμην,
497 1573 698 1615 Μενέλαε·
737 1550 969 1626 Τυνδάῇἐῶς
992 1575 1058 1615 ὅδε

241 1640 392 1693 στείχει
417 1639 513 1693 πρὸς
538 1640 651 1691 ἡμᾶς,
681 1640 724 1681 οὗ
753 1640 917 1692 μάλιστ’
944 1641 1059 1682 αἰδώς
1084 1640 1122 1691 μ’
1149 1640 1232 1694 ἔχει
1402 1643 1468 1684 4⁶0

241 1707 280 1748 ἐς
309 1706 449 1757 ὄμματ’
474 1708 605 1748 ἐλθεῖν
635 1711 765 1748 τοῖσιν
791 1705 1123 1760 ἐξειργασμένοις.

241 1772 302 1812 καὶ
328 1771 402 1825 γάρ
426 1772 464 1823 μ’
490 1771 636 1826 ἔθρεψε
665 1773 833 1826 σμικρὸν
862 1774 971 1819 ὅντα,
997 1774 1130 1813 πολλὰ
1156 1775 1196 1813 οὲ

240 1837 430 1890 φιλήματ’
456 1836 670 1891 ἐξέπλησε,
699 1839 769 1881 τὸν
793 1839 1089 1893 Ἀγαμέμνονος

241 1905 345 1946 παῖδ’
371 1905 589 1958 ἀγκάλαισι
616 1905 852 1959 περιφέρων,
882 1905 992 1956 Λήδα
1018 1906 1051 1946 θ’
1077 1906 1167 1956 ἅμα,

183 2008 247 2038 439
271 1999 287 2029 ὅ
302 2012 334 2030 τι
353 1997 421 2038 καὶ]
441 2000 496 2031 ἐὰν
513 1999 545 2031 δὲ
562 1999 725 2040 γράφηται
750 2000 769 2037 ἢ
787 1999 830 2039 τί,
851 2002 867 2031 ὃ
889 1999 1006 2039 στίχος
1029 2000 1141 2030 οὕτως·
1164 1998 1197 2029 τί
1218 1999 1373 2037 δρῶντες,·
1397 1997 1417 2035 ἢ
1434 1996 1467 2029 τί

139 2043 189 2072 καὶ
215 2041 317 2081 σαφὲς
342 2044 441 2074 εἰπεῖν
467 2043 573 2081 ἔχεις;
597 2046 621 2075 Σ
647 2047 806 2081 corrupte
908 2042 995 2082 ἔχεις
1018 2043 1116 2073 εἰπεῖν
1139 2041 1225 2071 LP:
1257 2042 1354 2072 εἰπεῖν
1379 2040 1466 2079 ἔχεις

141 2084 173 2114 Μ
185 2084 216 2114 A
228 2083 254 2113 B
265 2085 296 2114 V
380 2084 399 2122 ἧ
412 2099 444 2116 τι
459 2087 509 2116 καὶ
525 2088 634 2125 σαφῶς
650 2085 749 2117 εἰπεῖν
764 2085 870 2125 {xm-,-
896 2085 1017 2115 Nauck
1107 2094 1170 2123 442
1195 2085 1303 2115 ἀστῶν
1315 2083 1349 2113 in
1363 2084 1467 2115 αὐτῶν

140 2134 326 2158 correctum
353 2128 385 2158 in
415 2127 450 2158 A
611 2138 674 2166 443
708 2129 924 2169 ὑπερβάλλων
951 2128 1022 2158 AV
1180 2138 1242 2166 444
1276 2126 1467 2166 εἷλούμεσθα

138 2170 170 2208 J.
192 2171 237 2202 M.
257 2171 369 2202 Gent:
395 2170 588 2212 εἰργόμεσθα
604 2171 783 2201 Wecklein
920 2181 983 2210 445
1009 2171 1144 2212 ἀργείων
1159 2171 1189 2201 V
1277 2183 1328 2211 γρ.
1349 2168 1466 2210 χθονός

140 2214 206 2247 §V
338 2216 402 2253 446
435 2215 553 2255 βραδὺς
581 2214 736 2254 primitus
763 2215 795 2245 M
929 2215 993 2253 448
1029 2215 1110 2255 ἡμὴ]
1140 2215 1159 2252 ἥ
1186 2228 1208 2255 γ
1235 2214 1254 2252 ἢ
1283 2213 1356 2253 (sed
1382 2225 1405 2253 γ
1432 2212 1465 2242 in

140 2258 271 2298 rasura)
292 2257 325 2288 M
474 2267 538 2297 453
563 2258 713 2290 ἐκτείνων
728 2257 854 2288 AVP:
880 2268 962 2289 corr.
982 2263 1031 2298 vp
1172 2258 1235 2295 458
1259 2271 1295 2289 τε
1312 2266 1376 2287 om.
1394 2255 1466 2286 AV

140 2302 200 2339 461
226 2304 332 2333 τοῖσιν
349 2301 581 2342 ἡμαρτημένοις
597 2301 628 2331 V
784 2303 846 2339 462
872 2301 990 2342 ἔθρεψα
1005 2301 1160 2340 primitus
1179 2301 1210 2331 M
1333 2300 1466 2340 σμικρὸν

138 2344 169 2375 Α
182 2344 210 2375 Β
224 2345 251 2375 L
268 2356 274 2376 :
297 2345 408 2386 μικρὸν
424 2345 495 2375 rell.
616 2345 679 2383 463
705 2343 886 2385 ἐξέπλησσε
903 2344 1057 2384 primitus
1073 2345 1103 2374 V
1235 2345 1297 2383 464
1322 2344 1418 2381 λήδαι
1436 2341 1463 2372 Β
