1658 2740
654 107 1000 145 ΕΥΡΙΠΙΔΟΥ

336 211 526 262 Πυλάδην
551 213 679 266 δρόμῳ
708 213 920 265 στείχοντα
944 212 1117 253 Φωκέων
1141 213 1231 260 ἄπο,

334 279 466 329 ἡδεῖαν
493 281 602 331 ὄψιν·
642 279 784 321 πιστὸς
811 281 852 319 ἐν
878 284 1010 320 κακοῖς
1035 279 1131 331 ἀνὴρ

337 346 534 397 κρείσσων
561 345 738 397 γαλήνης
765 347 1009 386 ναυτίλοισιν
1034 347 1209 398 εἰσορᾶν.

164 435 409 464 ΠΥᾹΑΔΗΣ

269 496 425 535 θᾶσσον
449 494 472 551 ᾗ
494 513 543 546 με
568 499 671 549 χρῆν
698 497 929 547 προβαίνων
957 496 1094 546 ἱκόμην
1119 495 1168 535 δι’
1193 495 1357 541 ἄστεως,

267 562 468 613 σύλλογον
489 563 644 604 πόλεως
665 563 850 608 ἀκούσας,
873 562 940 602 τὸν
961 562 992 601 δ’
1014 563 1105 602 ἰδὼν
1124 561 1239 604 αὐτὸς
1258 566 1412 614 σαφῶς,
1430 574 1493 606 730

267 628 330 668 ἐπὶ
358 631 405 668 σὲ
431 628 632 680 σύγγονόν
657 646 700 669 τε
726 629 797 679 τὴν
825 628 914 679 σήν,
943 629 994 670 ὡς
1020 632 1250 670 κτενοῦντας
1275 629 1423 669 αὐτίκα.

266 695 306 734 τί
326 694 438 741 τάδε;
478 699 559 736 πῶς
584 695 708 749 ἕχεις;
748 696 788 735 τί
811 694 1018 747 πράσσεις,
1048 695 1209 747 φίλταθ’
1233 695 1382 745 ἡλίκων
1408 696 1493 745 ἐμοὶ

266 761 327 800 καὶ
353 763 483 813 φίλων
510 762 572 801 καὶ
599 763 855 813 συγγενείας,·
895 761 1025 801 πάντα
1048 763 1123 813 γὰρ
1148 760 1232 801 τάδ’
1258 761 1294 801 εἶ
1317 761 1368 801 σύ
1389 778 1467 811 μοι.

163 829 237 877 Ορ.
264 827 482 880 οἰχόμεσθ’,
511 827 562 869 ὡς
588 829 629 868 ἐν
654 832 805 880 βραχεῖ
830 845 896 868 σοι
920 829 1023 878 τάμὰ
1049 828 1217 877 δηλώσω
1244 825 1353 867 κακά.

163 897 239 933 Πυ.
267 892 640 949 συγκατασκάπτοις
661 894 707 934 ἂν
727 895 840 945 ἡμᾶς·
879 896 988 934 κοινὰ
1007 896 1080 946 γὰρ
1100 896 1148 933 τὰ
1166 898 1244 934 τῶν
1264 895 1408 946 φίλων.
1429 906 1492 938 735

162 962 234 1011 Ορ.
264 960 477 1003 Μενέλεως
503 951 688 1002 κάκιστος
715 962 755 1003 ἐς
782 962 849 1012 ἐμὲ
877 962 940 1001 καὶ
967 959 1209 1013 κασιγνήτην
1233 959 1343 1011 ἐμήν.

164 1030 237 1065 Πυ.
269 1028 440 1074 εἰκότως,
470 1030 588 1079 κακῆς
613 1027 795 1080 γυναικὸς
822 1027 945 1080 ἄνδρα
971 1028 1179 1079 γίγνεσθαι
1204 1027 1333 1067 κακόν.

160 1096 234 1144 Ορ.
261 1094 396 1146 ὥσπερ
422 1095 489 1135 οὐκ
515 1095 642 1135 ἐλθὼν
668 1095 803 1147 ἔμοιγε
830 1094 973 1135 ταύτὸν
1000 1093 1202 1134 ἀπέδωκεν
1225 1094 1372 1145 μολών.

163 1162 238 1199 Πυ.
265 1158 288 1209 ἦ
314 1159 387 1212 γάρ
413 1162 526 1202 ἐστιν
557 1161 607 1203 ὡς
633 1162 790 1211 ἀληθῶς
815 1160 923 1212 τήνδ’
952 1160 1172 1213 ἀφιγμένος
1197 1161 1342 1214 χθόνα,-

161 1220 246 1296 Op*
263 1227 434 1279 χρόνιος·
468 1227 560 1268 ἀλλ’
581 1229 685 1279 ὅμως
704 1226 879 1282 τάχιστα
900 1227 1014 1270 κακὸς
1037 1226 1222 1279 ἐφωράθη
1243 1228 1389 1279 φίλοις.
1427 1239 1492 1272 740

163 1295 237 1332 Hv.
265 1294 328 1333 καὶ
353 1292 531 1346 δάμαρτα
554 1294 625 1344 τὴν
654 1296 842 1345 κακίστην
869 1298 1100 1335 ναυστολῶν
1130 1293 1342 1344 ἐλήλυθεν;

162 1362 234 1411 Ορ.
262 1360 329 1399 οὐκ
356 1361 514 1410 ἐκεῖνος,
542 1361 633 1401 ἀλλ’
659 1362 785 1412 ἐκείνη
815 1365 944 1402 κεῖνον
972 1359 1100 1402 ἐνθάδ’
1127 1361 1288 1413 ἤγαγεν.

165 1428 238 1465 Πυ.
266 1429 340 1466 ποῦ
365 1426 467 1468 ’στιν
492 1426 514 1477 ἢ
541 1429 756 1470 πλείστους
780 1428 957 1481 Ἀχαιῶν
985 1428 1139 1468 ὤλεσεν
1165 1427 1260 1480 γυνὴ
1286 1429 1375 1479 μία;

161 1494 235 1543 Ορ.
263 1493 304 1532 ἐν
330 1494 463 1544 δόμοις
489 1495 654 1545 ἐμοῖσιν,
684 1496 717 1534 εἰ
742 1494 786 1544 δὴ
813 1494 948 1535 τούσδ’
976 1494 1092 1545 ἐμοὺς
1120 1498 1254 1535 καλεῖν
1280 1495 1422 1547 χρεών.

163 1561 237 1598 Πυ.
265 1559 315 1599 σὺ
341 1562 382 1600 δὲ
406 1561 513 1602 τίνας
538 1561 683 1613 λόγους
709 1560 847 1611 ἔλεξας
873 1565 946 1601 σοῦ
973 1561 1198 1616 κασιγνήτῳ
1225 1562 1389 1613 πατρός;
1427 1574 1490 1606 745

161 1627 234 1677 Ορ.
259 1624 312 1676 μή
337 1625 376 1677 μ’
402 1628 497 1667 ἰδεῖν
523 1628 680 1668 θανόνθ’
706 1627 769 1668 ὑπ’
795 1629 928 1668 ἀστῶν
956 1628 1017 1668 καὶ
1047 1626 1289 1680 κασιγνήτην
1316 1627 1427 1679 ἐμήν.

163 1694 238 1732 Πυ.
265 1692 362 1744 πρὸς
387 1695 500 1740 θεῶν,
527 1695 567 1734 τί
588 1694 685 1746 πρὸς
710 1693 792 1734 τάδ’
819 1695 923 1741 εῖπε,·
962 1695 1051 1735 τόδε
1077 1696 1152 1747 γὰρ
1180 1694 1323 1735 εἰδέναι
1351 1694 1466 1736 θέλω.

161 1760 233 1809 Ορ.
263 1758 477 1810 εὐλαβεῖθ’,
505 1759 525 1800 ὃ
551 1764 632 1802 τοῖς
657 1762 816 1811 φίλοισι
842 1764 989 1813 δρῶσιν
1016 1764 1052 1802 οἱ
1080 1761 1188 1801 κακοὶ
1215 1763 1341 1814 φίλοι.

164 1827 237 1865 Πυ.
265 1828 416 1878 σκῆψιν
444 1829 482 1868 ἐς
508 1829 624 1868 ποίαν
650 1829 898 1879 προβαίνωνς
944 1832 1058 1869 τοῦτο
1092 1827 1206 1869 πάντ’
1233 1829 1311 1882 ἔχω
1342 1829 1489 1880 μαθών.

162 1894 235 1943 Ορ.
263 1892 375 1934 οὗτος
401 1892 501 1943 ἦλθ’,
525 1895 545 1933 ὁ
564 1896 633 1936 τὰς
654 1895 818 1946 ἀρίστας
840 1895 1054 1948 θυγατέρας
1077 1897 1242 1948 σπείρας
1261 1895 1400 1947 πατήρ.
1427 1908 1491 1939 750

206 1995 268 2023 729
292 1983 313 2026 ᾖ
330 1985 445 2016 Bruhn
462 1998 468 2017 ε
493 1988 512 2025 ἢ
530 1989 624 2019 codd.
729 2004 768 2029 με
787 1993 871 2031 χρῆν
889 1989 923 2021 Μ
940 2002 948 2022 :
971 1994 1004 2030 μ’
1023 1993 1124 2032 ἐχρῆν
1140 1991 1212 2022 rell.
1320 1992 1359 2023 δι’
1377 1991 1491 2024 ἄστεος

160 2028 191 2058 A
203 2028 229 2058 B
240 2029 270 2058 V
281 2030 306 2059 L
319 2030 344 2059 Ρ
359 2041 365 2059 ;
390 2030 566 2070 προάστεος
587 2033 618 2062 M
711 2043 773 2072 730
798 2035 856 2066 τὸν
873 2036 900 2066 δ’
916 2035 999 2066 εἶδον
1016 2035 1168 2074 primitus
1186 2035 1213 2064 B
1303 2034 1401 2071 τόνδ’,
1417 2036 1492 2066 ἰδών

161 2073 190 2101 τ’
209 2072 367 2111 Hartung
497 2085 555 2113 731
584 2079 780 2109 κτανοῦντας
799 2078 954 2116 primitus
972 2078 1001 2107 V
1135 2088 1196 2116 732
1220 2077 1353 2117 φίλτατ’
1370 2078 1492 2115 ἡλίκων

162 2114 218 2145 M:
252 2115 385 2155 φίλτατ’
409 2118 579 2156 ἀνθρώπων
606 2120 733 2150 omisso
760 2122 828 2157 ἐμοὶ
853 2121 882 2151 V
1036 2131 1098 2159 734
1133 2134 1183 2152 σοι
1209 2131 1273 2151 om.
1301 2121 1350 2151 L:
1381 2121 1456 2151 add.
1479 2120 1494 2151 l

163 2158 225 2196 736
249 2160 292 2191 εἷς
311 2158 365 2198 ἐμὲ
383 2159 415 2190 Α
427 2161 454 2190 Β
467 2161 497 2191 V
509 2162 534 2191 L
548 2162 574 2192 P
589 2175 594 2192 :
621 2165 663 2195 εἷς
681 2162 730 2199 ’με
750 2163 781 2193 Μ
906 2174 965 2203 737
993 2163 1136 2205 εἰκότως]
1157 2165 1237 2196 εἰκὸς
1254 2163 1294 2201 ἧν
1311 2163 1489 2194 Hermann

162 2200 311 2239 γενέσθαι
325 2202 357 2232 in
372 2204 517 2243 ’γίνεσθαι
531 2210 691 2236 mutatum
704 2206 731 2236 B
824 2208 885 2246 738
907 2208 1006 2249 ὅσπερ
1021 2206 1070 2238 M²
1161 2217 1223 2246 740
1245 2206 1373 2249 χρόνιος
1386 2217 1450 2238 om.
1465 2207 1491 2237 P

164 2253 221 2281 741
245 2248 480 2285 ναυστολήσων
501 2248 527 2279 Ρ
664 2260 724 2288 744
756 2249 879 2290 δόμοισι
904 2253 971 2283 τοῖς
997 2253 1120 2290 ἐμοῖσιν
1145 2250 1171 2280 Ρ
1304 2261 1365 2289 747
1394 2252 1490 2282 τοῦτο

161 2288 222 2325 ’γὰρ
248 2287 360 2320 εἰδέναι
385 2295 468 2323 ποθῶ
497 2292 526 2322 V
715 2294 776 2331 748
810 2293 988 2334 εὐλαβεῖθ’]
1015 2296 1182 2332 ηὗλαβεῖθ’
1208 2293 1272 2324 13²:
1305 2295 1490 2330 εὐλαβεῖσθ’

164 2329 190 2358 Β
204 2330 232 2360 V
247 2342 253 2361 :
276 2333 437 2369 εὐλαβοῑθ’
454 2335 609 2373 primitus
621 2335 647 2365 P
780 2346 843 2375 749
864 2339 895 2369 ἐς
909 2337 963 2367 hic
979 2337 1010 2367 M
1102 2340 1214 2375 μαθεῖν
1227 2336 1258 2366 Μ
1274 2342 1308 2367 et
1320 2346 1484 2376 suprascr.

162 2372 192 2402 V
328 2386 388 2414 750
415 2379 544 2418 σπείρας
562 2379 683 2419 πατὴρ]
701 2392 751 2419 γρ.
770 2379 965 2419 κεκτημένος
983 2384 1006 2413 Σ
