<?xml version="1.0" encoding="UTF-8"?>
<!DOCTYPE html PUBLIC "-//W3C//DTD XHTML 1.0 Transitional//EN"
    "http://www.w3.org/TR/xhtml1/DTD/xhtml1-transitional.dtd">
<html xmlns="http://www.w3.org/1999/xhtml" xml:lang="en" lang="en">
 <head>
  <title>
</title>
<meta http-equiv="Content-Type" content="text/html;charset=utf-8" />
  <meta name='ocr-system' content='tesseract 3.04.00' />
  <meta name='ocr-capabilities' content='ocr_page ocr_carea ocr_par ocr_line ocrx_word'/>
</head>
<body>
  <div class='ocr_page' id='page_1' title='image "./euripidisfabulae03euriuoft_0136.png"; bbox 0 0 1658 2740; ppageno 0'>
   <div class='ocr_carea' id='block_1_1' title="bbox 603 91 957 131">
    <p class='ocr_par' dir='ltr' id='par_1_1' title="bbox 603 91 957 131">
     <span class='ocr_line' id='line_1_1' title="bbox 603 91 957 131; baseline 0.008 -3"><span class='ocrx_word' id='word_1_1' title='bbox 603 91 957 131; x_wconf 60' lang='grc' dir='ltr'>ΕΥΡΙΠΙΔΟΥ</span> 
     </span>
    </p>
   </div>
   <div class='ocr_carea' id='block_1_2' title="bbox 106 190 1441 2279">
    <p class='ocr_par' dir='ltr' id='par_1_2' title="bbox 201 190 1441 1981">
     <span class='ocr_line' id='line_1_2' title="bbox 207 190 1017 248; baseline 0.006 -17"><span class='ocrx_word' id='word_1_2' title='bbox 207 190 329 243; x_wconf 79' lang='grc' dir='ltr'>ξηρὰν</span> <span class='ocrx_word' id='word_1_3' title='bbox 353 192 386 232; x_wconf 89' lang='grc' dir='ltr'>δ’</span> <span class='ocrx_word' id='word_1_4' title='bbox 411 192 545 233; x_wconf 83' lang='grc' dir='ltr'>ε”δευον</span> <span class='ocrx_word' id='word_1_5' title='bbox 570 197 687 246; x_wconf 91' lang='grc' dir='ltr'>γαῖαν</span> <span class='ocrx_word' id='word_1_6' title='bbox 712 196 873 246; x_wconf 82' lang='grc' dir='ltr'>αἵματος</span> <span class='ocrx_word' id='word_1_7' title='bbox 896 196 1017 248; x_wconf 87' lang='grc' dir='ltr'>ῥοαῖς.</span> 
     </span>
     <span class='ocr_line' id='line_1_3' title="bbox 275 258 1260 318; baseline 0.011 -21"><span class='ocrx_word' id='word_1_8' title='bbox 275 259 295 297; x_wconf 90' lang='grc' dir='ltr'>ὁ</span> <span class='ocrx_word' id='word_1_9' title='bbox 321 258 354 298; x_wconf 82' lang='grc' dir='ltr'>δ’</span> <span class='ocrx_word' id='word_1_10' title='bbox 379 258 535 311; x_wconf 84' lang='grc' dir='ltr'>Ἀρκάς,</span> <span class='ocrx_word' id='word_1_11' title='bbox 563 261 630 301; x_wconf 85' lang='grc' dir='ltr'>οὐκ</span> <span class='ocrx_word' id='word_1_12' title='bbox 651 260 842 314; x_wconf 86' lang='grc' dir='ltr'>Ἀργεῖος,</span> <span class='ocrx_word' id='word_1_13' title='bbox 869 261 1119 315; x_wconf 76' lang='grc' dir='ltr'>Ἀταλάντης</span> <span class='ocrx_word' id='word_1_14' title='bbox 1144 266 1260 318; x_wconf 91' lang='grc' dir='ltr'>γόνος</span> 
     </span>
     <span class='ocr_line' id='line_1_4' title="bbox 208 324 1033 385; baseline 0.008 -22"><span class='ocrx_word' id='word_1_15' title='bbox 208 324 341 377; x_wconf 80' lang='grc' dir='ltr'>τυφὼς</span> <span class='ocrx_word' id='word_1_16' title='bbox 365 326 557 367; x_wconf 80' lang='grc' dir='ltr'>πύλαισιν</span> <span class='ocrx_word' id='word_1_17' title='bbox 583 328 635 369; x_wconf 82' lang='grc' dir='ltr'>ὥς</span> <span class='ocrx_word' id='word_1_18' title='bbox 658 345 716 370; x_wconf 89' lang='grc' dir='ltr'>τις</span> <span class='ocrx_word' id='word_1_19' title='bbox 742 329 927 379; x_wconf 87' lang='grc' dir='ltr'>ἐμπεσὼν</span> <span class='ocrx_word' id='word_1_20' title='bbox 951 334 1033 385; x_wconf 80' lang='grc' dir='ltr'>βοᾷ</span> 
     </span>
     <span class='ocr_line' id='line_1_5' title="bbox 208 391 1436 448; baseline 0.005 -18"><span class='ocrx_word' id='word_1_21' title='bbox 208 394 282 442; x_wconf 88' lang='grc' dir='ltr'>πῦρ</span> <span class='ocrx_word' id='word_1_22' title='bbox 308 391 370 432; x_wconf 87' lang='grc' dir='ltr'>καὶ</span> <span class='ocrx_word' id='word_1_23' title='bbox 395 392 592 440; x_wconf 79' lang='grc' dir='ltr'>δικέλλας,</span> <span class='ocrx_word' id='word_1_24' title='bbox 620 394 671 437; x_wconf 86' lang='grc' dir='ltr'>ὡς</span> <span class='ocrx_word' id='word_1_25' title='bbox 698 395 969 448; x_wconf 78' lang='grc' dir='ltr'>κατασκάψων</span> <span class='ocrx_word' id='word_1_26' title='bbox 993 398 1124 438; x_wconf 87' lang='grc' dir='ltr'>πόλιν·</span> <span class='ocrx_word' id='word_1_27' title='bbox 1356 414 1436 446; x_wconf 84' lang='lat'>1155</span> 
     </span>
     <span class='ocr_line' id='line_1_6' title="bbox 209 457 1084 512; baseline 0.008 -15"><span class='ocrx_word' id='word_1_28' title='bbox 209 457 301 498; x_wconf 83' lang='grc' dir='ltr'>ἀλλ’</span> <span class='ocrx_word' id='word_1_29' title='bbox 326 458 424 512; x_wconf 85' lang='grc' dir='ltr'>ἔσχε</span> <span class='ocrx_word' id='word_1_30' title='bbox 446 461 644 512; x_wconf 83' lang='grc' dir='ltr'>μαργῶντ’</span> <span class='ocrx_word' id='word_1_31' title='bbox 668 461 785 503; x_wconf 81' lang='grc' dir='ltr'>αὐτὸν</span> <span class='ocrx_word' id='word_1_32' title='bbox 810 463 968 503; x_wconf 82' lang='grc' dir='ltr'>ἐναλίου</span> <span class='ocrx_word' id='word_1_33' title='bbox 994 466 1084 504; x_wconf 92' lang='grc' dir='ltr'>θεοῦ</span> 
     </span>
     <span class='ocr_line' id='line_1_7' title="bbox 211 526 1088 585; baseline 0.009 -22"><span class='ocrx_word' id='word_1_34' title='bbox 211 526 504 577; x_wconf 82' lang='grc' dir='ltr'>Περικλύμενος</span> <span class='ocrx_word' id='word_1_35' title='bbox 530 531 620 569; x_wconf 85' lang='grc' dir='ltr'>παῖς</span> <span class='ocrx_word' id='word_1_36' title='bbox 645 531 749 569; x_wconf 76' lang='grc' dir='ltr'>λᾶαν</span> <span class='ocrx_word' id='word_1_37' title='bbox 775 530 965 580; x_wconf 82' lang='grc' dir='ltr'>ἐμβαλὼν</span> <span class='ocrx_word' id='word_1_38' title='bbox 991 529 1088 585; x_wconf 78' lang='grc' dir='ltr'>κάρᾳ</span> 
     </span>
     <span class='ocr_line' id='line_1_8' title="bbox 209 591 964 646; baseline 0.008 -16"><span class='ocrx_word' id='word_1_39' title='bbox 209 591 482 643; x_wconf 77' lang='grc' dir='ltr'>ἁμαξοπληθῆ,</span> <span class='ocrx_word' id='word_1_40' title='bbox 511 594 614 646; x_wconf 86' lang='grc' dir='ltr'>γεῖσ’</span> <span class='ocrx_word' id='word_1_41' title='bbox 645 594 849 646; x_wconf 83' lang='grc' dir='ltr'>ἐπάλξεων</span> <span class='ocrx_word' id='word_1_42' title='bbox 873 596 964 638; x_wconf 82' lang='grc' dir='ltr'>ἄπο·</span> 
     </span>
     <span class='ocr_line' id='line_1_9' title="bbox 201 656 1036 716; baseline 0.01 -19"><span class='ocrx_word' id='word_1_43' title='bbox 201 656 345 707; x_wconf 78' lang='grc' dir='ltr'>ξανθὸν</span> <span class='ocrx_word' id='word_1_44' title='bbox 370 661 410 699; x_wconf 82' lang='grc' dir='ltr'>δὲ</span> <span class='ocrx_word' id='word_1_45' title='bbox 438 663 559 712; x_wconf 75' lang='grc' dir='ltr'>κρᾶτα</span> <span class='ocrx_word' id='word_1_46' title='bbox 584 661 793 703; x_wconf 83' lang='grc' dir='ltr'>διεπάλυνε</span> <span class='ocrx_word' id='word_1_47' title='bbox 819 664 881 703; x_wconf 84' lang='grc' dir='ltr'>καὶ</span> <span class='ocrx_word' id='word_1_48' title='bbox 905 664 1036 716; x_wconf 78' lang='grc' dir='ltr'>ῥαφὰς</span> 
     </span>
     <span class='ocr_line' id='line_1_10' title="bbox 209 723 1440 782; baseline 0.01 -19"><span class='ocrx_word' id='word_1_49' title='bbox 209 723 368 776; x_wconf 77' lang='grc' dir='ltr'>ἔρρηξεν</span> <span class='ocrx_word' id='word_1_50' title='bbox 393 725 558 773; x_wconf 83' lang='grc' dir='ltr'>ὀστέων,</span> <span class='ocrx_word' id='word_1_51' title='bbox 586 727 672 779; x_wconf 79' lang='grc' dir='ltr'>ἄρτι</span> <span class='ocrx_word' id='word_1_52' title='bbox 698 727 731 768; x_wconf 83' lang='grc' dir='ltr'>δ’</span> <span class='ocrx_word' id='word_1_53' title='bbox 756 729 926 770; x_wconf 84' lang='grc' dir='ltr'>οἰνωπὸν</span> <span class='ocrx_word' id='word_1_54' title='bbox 951 730 1067 782; x_wconf 76' lang='grc' dir='ltr'>γένυν</span> <span class='ocrx_word' id='word_1_55' title='bbox 1357 736 1440 768; x_wconf 83' lang='lat'>1160</span> 
     </span>
     <span class='ocr_line' id='line_1_11' title="bbox 210 789 985 847; baseline 0.008 -17"><span class='ocrx_word' id='word_1_56' title='bbox 210 789 507 847; x_wconf 78' lang='grc' dir='ltr'>καθῃμάτωσεν·</span> <span class='ocrx_word' id='word_1_57' title='bbox 549 793 629 833; x_wconf 84' lang='grc' dir='ltr'>οὐδ’</span> <span class='ocrx_word' id='word_1_58' title='bbox 655 795 866 835; x_wconf 82' lang='grc' dir='ltr'>ἀποίσεται</span> <span class='ocrx_word' id='word_1_59' title='bbox 891 797 985 846; x_wconf 84' lang='grc' dir='ltr'>βίον</span> 
     </span>
     <span class='ocr_line' id='line_1_12' title="bbox 208 858 1008 919; baseline 0.009 -23"><span class='ocrx_word' id='word_1_60' title='bbox 208 858 254 913; x_wconf 73' lang='grc' dir='ltr'>τῇ</span> <span class='ocrx_word' id='word_1_61' title='bbox 280 858 501 914; x_wconf 78' lang='grc' dir='ltr'>καλλιτόξῳ</span> <span class='ocrx_word' id='word_1_62' title='bbox 527 860 642 910; x_wconf 75' lang='grc' dir='ltr'>μητρὶ</span> <span class='ocrx_word' id='word_1_63' title='bbox 671 859 881 903; x_wconf 80' lang='grc' dir='ltr'>Μαινάλου</span> <span class='ocrx_word' id='word_1_64' title='bbox 901 863 1008 919; x_wconf 82' lang='grc' dir='ltr'>κόρῃ.</span> 
     </span>
     <span class='ocr_line' id='line_1_13' title="bbox 274 925 1114 982; baseline 0.008 -18"><span class='ocrx_word' id='word_1_65' title='bbox 274 925 359 965; x_wconf 82' lang='grc' dir='ltr'>ἐπεὶ</span> <span class='ocrx_word' id='word_1_66' title='bbox 385 927 426 966; x_wconf 78' lang='grc' dir='ltr'>δὲ</span> <span class='ocrx_word' id='word_1_67' title='bbox 452 926 566 967; x_wconf 83' lang='grc' dir='ltr'>τάσδ’</span> <span class='ocrx_word' id='word_1_68' title='bbox 593 928 746 968; x_wconf 86' lang='grc' dir='ltr'>ἐσεῖδεν</span> <span class='ocrx_word' id='word_1_69' title='bbox 773 927 948 982; x_wconf 82' lang='grc' dir='ltr'>εὐτυχεῖς</span> <span class='ocrx_word' id='word_1_70' title='bbox 973 930 1114 976; x_wconf 84' lang='grc' dir='ltr'>πύλας,</span> 
     </span>
     <span class='ocr_line' id='line_1_14' title="bbox 207 990 1067 1049; baseline 0.008 -20"><span class='ocrx_word' id='word_1_71' title='bbox 207 990 335 1032; x_wconf 78' lang='grc' dir='ltr'>ἄλλας</span> <span class='ocrx_word' id='word_1_72' title='bbox 359 993 472 1049; x_wconf 81' lang='grc' dir='ltr'>ἐπῄει</span> <span class='ocrx_word' id='word_1_73' title='bbox 496 997 588 1035; x_wconf 88' lang='grc' dir='ltr'>παῖς</span> <span class='ocrx_word' id='word_1_74' title='bbox 614 994 698 1041; x_wconf 87' lang='grc' dir='ltr'>σός,</span> <span class='ocrx_word' id='word_1_75' title='bbox 727 995 893 1045; x_wconf 84' lang='grc' dir='ltr'>εἱπόμην</span> <span class='ocrx_word' id='word_1_76' title='bbox 918 995 950 1036; x_wconf 85' lang='grc' dir='ltr'>δ’</span> <span class='ocrx_word' id='word_1_77' title='bbox 977 997 1067 1048; x_wconf 87' lang='grc' dir='ltr'>ἐγώ.</span> 
     </span>
     <span class='ocr_line' id='line_1_15' title="bbox 207 1058 1439 1113; baseline 0.01 -17"><span class='ocrx_word' id='word_1_78' title='bbox 207 1058 282 1109; x_wconf 78' lang='grc' dir='ltr'>ὁρῶ</span> <span class='ocrx_word' id='word_1_79' title='bbox 309 1060 350 1099; x_wconf 83' lang='grc' dir='ltr'>δὲ</span> <span class='ocrx_word' id='word_1_80' title='bbox 374 1058 505 1100; x_wconf 85' lang='grc' dir='ltr'>Τυδέα</span> <span class='ocrx_word' id='word_1_81' title='bbox 530 1060 592 1100; x_wconf 84' lang='grc' dir='ltr'>καὶ</span> <span class='ocrx_word' id='word_1_82' title='bbox 616 1063 897 1113; x_wconf 74' lang='grc' dir='ltr'>παρασπιστὰς</span> <span class='ocrx_word' id='word_1_83' title='bbox 932 1063 1099 1105; x_wconf 72' lang='grc' dir='ltr'>πυκνοὺς</span> <span class='ocrx_word' id='word_1_84' title='bbox 1360 1069 1439 1108; x_wconf 82' lang='lat'>1165</span> 
     </span>
     <span class='ocr_line' id='line_1_16' title="bbox 210 1126 1051 1180; baseline 0.008 -17"><span class='ocrx_word' id='word_1_85' title='bbox 210 1126 428 1166; x_wconf 78' lang='grc' dir='ltr'>Αἰτωλίσιν</span> <span class='ocrx_word' id='word_1_86' title='bbox 452 1127 670 1180; x_wconf 79' lang='grc' dir='ltr'>λόγχαισιν</span> <span class='ocrx_word' id='word_1_87' title='bbox 697 1129 752 1170; x_wconf 87' lang='grc' dir='ltr'>εἰς</span> <span class='ocrx_word' id='word_1_88' title='bbox 778 1127 897 1180; x_wconf 81' lang='grc' dir='ltr'>ἄκρον</span> <span class='ocrx_word' id='word_1_89' title='bbox 922 1130 1051 1180; x_wconf 90' lang='grc' dir='ltr'>στόμα</span> 
     </span>
     <span class='ocr_line' id='line_1_17' title="bbox 207 1191 1028 1246; baseline 0.005 -14"><span class='ocrx_word' id='word_1_90' title='bbox 207 1191 365 1244; x_wconf 87' lang='grc' dir='ltr'>πύργων</span> <span class='ocrx_word' id='word_1_91' title='bbox 389 1193 676 1243; x_wconf 77' lang='grc' dir='ltr'>ἀκοντίζοντας,</span> <span class='ocrx_word' id='word_1_92' title='bbox 702 1194 798 1235; x_wconf 81' lang='grc' dir='ltr'>ὥστ’</span> <span class='ocrx_word' id='word_1_93' title='bbox 825 1193 1028 1246; x_wconf 80' lang='grc' dir='ltr'>ἐπάλξεων</span> 
     </span>
     <span class='ocr_line' id='line_1_18' title="bbox 207 1259 1118 1312; baseline 0.005 -14"><span class='ocrx_word' id='word_1_94' title='bbox 207 1262 339 1299; x_wconf 83' lang='grc' dir='ltr'>λιπεῖν</span> <span class='ocrx_word' id='word_1_95' title='bbox 365 1260 525 1311; x_wconf 84' lang='grc' dir='ltr'>ἐρίπνας</span> <span class='ocrx_word' id='word_1_96' title='bbox 551 1259 743 1312; x_wconf 80' lang='grc' dir='ltr'>φυγάδας·</span> <span class='ocrx_word' id='word_1_97' title='bbox 781 1259 888 1302; x_wconf 80' lang='grc' dir='ltr'>ἀλλά</span> <span class='ocrx_word' id='word_1_98' title='bbox 912 1279 973 1303; x_wconf 90' lang='grc' dir='ltr'>νιν</span> <span class='ocrx_word' id='word_1_99' title='bbox 998 1260 1118 1303; x_wconf 83' lang='grc' dir='ltr'>πάλιν</span> 
     </span>
     <span class='ocr_line' id='line_1_19' title="bbox 209 1325 1013 1381; baseline 0.006 -16"><span class='ocrx_word' id='word_1_100' title='bbox 209 1325 373 1377; x_wconf 83' lang='grc' dir='ltr'>κυναγὸς</span> <span class='ocrx_word' id='word_1_101' title='bbox 399 1325 495 1367; x_wconf 85' lang='grc' dir='ltr'>ὡσεὶ</span> <span class='ocrx_word' id='word_1_102' title='bbox 520 1330 611 1368; x_wconf 87' lang='grc' dir='ltr'>παῖς</span> <span class='ocrx_word' id='word_1_103' title='bbox 637 1327 708 1369; x_wconf 85' lang='grc' dir='ltr'>σὸς</span> <span class='ocrx_word' id='word_1_104' title='bbox 734 1327 1013 1381; x_wconf 77' lang='grc' dir='ltr'>ἐξαθροίζεται,</span> 
     </span>
     <span class='ocr_line' id='line_1_20' title="bbox 206 1391 1441 1458; baseline 0.006 -26"><span class='ocrx_word' id='word_1_105' title='bbox 206 1391 370 1444; x_wconf 87' lang='grc' dir='ltr'>πύργοις</span> <span class='ocrx_word' id='word_1_106' title='bbox 395 1391 427 1432; x_wconf 87' lang='grc' dir='ltr'>δ’</span> <span class='ocrx_word' id='word_1_107' title='bbox 452 1392 644 1444; x_wconf 83' lang='grc' dir='ltr'>ἐπέστησ’</span> <span class='ocrx_word' id='word_1_108' title='bbox 672 1395 792 1436; x_wconf 73' lang='grc' dir='ltr'>αὖθις.</span> <span class='ocrx_word' id='word_1_109' title='bbox 866 1397 906 1437; x_wconf 88' lang='grc' dir='ltr'>ἐς</span> <span class='ocrx_word' id='word_1_110' title='bbox 931 1396 964 1436; x_wconf 81' lang='grc' dir='ltr'>δ’</span> <span class='ocrx_word' id='word_1_111' title='bbox 990 1395 1118 1439; x_wconf 81' lang='grc' dir='ltr'>ἄλλας</span> <span class='ocrx_word' id='word_1_112' title='bbox 1144 1397 1271 1439; x_wconf 87' lang='grc' dir='ltr'>πύλας</span> <span class='ocrx_word' id='word_1_113' title='bbox 1346 1410 1441 1458; x_wconf 38' lang='lat'>,1¹70</span> 
     </span>
     <span class='ocr_line' id='line_1_21' title="bbox 204 1458 1069 1511; baseline 0.006 -13"><span class='ocrx_word' id='word_1_114' title='bbox 204 1458 491 1511; x_wconf 85' lang='grc' dir='ltr'>ἠπειγόμεσθα,</span> <span class='ocrx_word' id='word_1_115' title='bbox 520 1464 635 1500; x_wconf 89' lang='grc' dir='ltr'>τοῦτο</span> <span class='ocrx_word' id='word_1_116' title='bbox 661 1462 886 1504; x_wconf 86' lang='grc' dir='ltr'>παύσαντες</span> <span class='ocrx_word' id='word_1_117' title='bbox 911 1466 1069 1503; x_wconf 80' lang='grc' dir='ltr'>νοσοῦν.</span> 
     </span>
     <span class='ocr_line' id='line_1_22' title="bbox 273 1527 1199 1581; baseline 0.005 -16"><span class='ocrx_word' id='word_1_118' title='bbox 273 1527 481 1569; x_wconf 83' lang='grc' dir='ltr'>Καπανεὺς</span> <span class='ocrx_word' id='word_1_119' title='bbox 505 1529 547 1568; x_wconf 84' lang='grc' dir='ltr'>δὲ</span> <span class='ocrx_word' id='word_1_120' title='bbox 572 1531 654 1570; x_wconf 88' lang='grc' dir='ltr'>πῶς</span> <span class='ocrx_word' id='word_1_121' title='bbox 679 1528 823 1580; x_wconf 83' lang='grc' dir='ltr'>εἴποιμ’</span> <span class='ocrx_word' id='word_1_122' title='bbox 849 1527 897 1570; x_wconf 79' lang='grc' dir='ltr'>ἂν</span> <span class='ocrx_word' id='word_1_123' title='bbox 922 1529 973 1571; x_wconf 87' lang='grc' dir='ltr'>ὡς</span> <span class='ocrx_word' id='word_1_124' title='bbox 999 1531 1199 1581; x_wconf 85' lang='grc' dir='ltr'>ἐμαίνετο;</span> 
     </span>
     <span class='ocr_line' id='line_1_23' title="bbox 204 1592 1121 1647; baseline 0.008 -16"><span class='ocrx_word' id='word_1_125' title='bbox 204 1592 475 1647; x_wconf 81' lang='grc' dir='ltr'>μακραύχενος</span> <span class='ocrx_word' id='word_1_126' title='bbox 499 1596 574 1646; x_wconf 75' lang='grc' dir='ltr'>γὰρ</span> <span class='ocrx_word' id='word_1_127' title='bbox 601 1596 789 1646; x_wconf 85' lang='grc' dir='ltr'>κλίμακος</span> <span class='ocrx_word' id='word_1_128' title='bbox 814 1594 1121 1647; x_wconf 78' lang='grc' dir='ltr'>προσαμβάσεις</span> 
     </span>
     <span class='ocr_line' id='line_1_24' title="bbox 207 1658 1006 1713; baseline 0.006 -15"><span class='ocrx_word' id='word_1_129' title='bbox 207 1658 310 1711; x_wconf 83' lang='grc' dir='ltr'>ἔχων</span> <span class='ocrx_word' id='word_1_130' title='bbox 336 1660 490 1713; x_wconf 81' lang='grc' dir='ltr'>ἐχώρει,</span> <span class='ocrx_word' id='word_1_131' title='bbox 519 1662 581 1702; x_wconf 81' lang='grc' dir='ltr'>καὶ</span> <span class='ocrx_word' id='word_1_132' title='bbox 607 1661 765 1702; x_wconf 85' lang='grc' dir='ltr'>τοσόνδ’</span> <span class='ocrx_word' id='word_1_133' title='bbox 791 1663 1006 1713; x_wconf 89' lang='grc' dir='ltr'>ἐκόμπασε,</span> 
     </span>
     <span class='ocr_line' id='line_1_25' title="bbox 205 1725 1438 1781; baseline 0.006 -16"><span class='ocrx_word' id='word_1_134' title='bbox 205 1725 294 1776; x_wconf 85' lang='grc' dir='ltr'>μηδ’</span> <span class='ocrx_word' id='word_1_135' title='bbox 319 1725 368 1766; x_wconf 74' lang='grc' dir='ltr'>ἂν</span> <span class='ocrx_word' id='word_1_136' title='bbox 391 1726 435 1767; x_wconf 82' lang='grc' dir='ltr'>τὸ</span> <span class='ocrx_word' id='word_1_137' title='bbox 461 1728 609 1779; x_wconf 76' lang='grc' dir='ltr'>σεμνὸν</span> <span class='ocrx_word' id='word_1_138' title='bbox 634 1732 707 1781; x_wconf 89' lang='grc' dir='ltr'>πῦρ</span> <span class='ocrx_word' id='word_1_139' title='bbox 735 1746 796 1769; x_wconf 91' lang='grc' dir='ltr'>νιν</span> <span class='ocrx_word' id='word_1_140' title='bbox 825 1730 1025 1781; x_wconf 81' lang='grc' dir='ltr'>εἰργαθεῖν</span> <span class='ocrx_word' id='word_1_141' title='bbox 1052 1733 1148 1772; x_wconf 82' lang='grc' dir='ltr'>Διὸς</span> <span class='ocrx_word' id='word_1_142' title='bbox 1357 1742 1438 1774; x_wconf 82' lang='lat'>1175</span> 
     </span>
     <span class='ocr_line' id='line_1_26' title="bbox 206 1792 1191 1848; baseline 0.005 -16"><span class='ocrx_word' id='word_1_143' title='bbox 206 1792 250 1832; x_wconf 86' lang='grc' dir='ltr'>τὸ</span> <span class='ocrx_word' id='word_1_144' title='bbox 274 1792 327 1843; x_wconf 76' lang='grc' dir='ltr'>μὴ</span> <span class='ocrx_word' id='word_1_145' title='bbox 353 1793 397 1834; x_wconf 82' lang='grc' dir='ltr'>οὐ</span> <span class='ocrx_word' id='word_1_146' title='bbox 424 1794 506 1834; x_wconf 90' lang='grc' dir='ltr'>κατ’</span> <span class='ocrx_word' id='word_1_147' title='bbox 531 1794 660 1848; x_wconf 79' lang='grc' dir='ltr'>ἄκρων</span> <span class='ocrx_word' id='word_1_148' title='bbox 687 1794 900 1848; x_wconf 89' lang='grc' dir='ltr'>περγάμων</span> <span class='ocrx_word' id='word_1_149' title='bbox 924 1798 1034 1837; x_wconf 81' lang='grc' dir='ltr'>ἑλεῖν</span> <span class='ocrx_word' id='word_1_150' title='bbox 1061 1797 1191 1837; x_wconf 87' lang='grc' dir='ltr'>πόλιν.</span> 
     </span>
     <span class='ocr_line' id='line_1_27' title="bbox 207 1860 1054 1915; baseline 0.007 -17"><span class='ocrx_word' id='word_1_151' title='bbox 207 1860 269 1899; x_wconf 84' lang='grc' dir='ltr'>καὶ</span> <span class='ocrx_word' id='word_1_152' title='bbox 293 1860 401 1900; x_wconf 90' lang='grc' dir='ltr'>ταῦθ’</span> <span class='ocrx_word' id='word_1_153' title='bbox 426 1860 491 1912; x_wconf 76' lang='grc' dir='ltr'>ἅμ’</span> <span class='ocrx_word' id='word_1_154' title='bbox 517 1862 679 1914; x_wconf 87' lang='grc' dir='ltr'>ἠγόρευε</span> <span class='ocrx_word' id='word_1_155' title='bbox 705 1863 768 1903; x_wconf 84' lang='grc' dir='ltr'>καὶ</span> <span class='ocrx_word' id='word_1_156' title='bbox 793 1863 1054 1915; x_wconf 86' lang='grc' dir='ltr'>πετρούμενος</span> 
     </span>
     <span class='ocr_line' id='line_1_28' title="bbox 206 1926 1091 1981; baseline 0.007 -15"><span class='ocrx_word' id='word_1_157' title='bbox 206 1926 361 1979; x_wconf 82' lang='grc' dir='ltr'>ἀνεῖρφ’</span> <span class='ocrx_word' id='word_1_158' title='bbox 386 1927 450 1968; x_wconf 85' lang='grc' dir='ltr'>ὑπ’</span> <span class='ocrx_word' id='word_1_159' title='bbox 477 1928 597 1979; x_wconf 77' lang='grc' dir='ltr'>αὐτὴν</span> <span class='ocrx_word' id='word_1_160' title='bbox 623 1929 758 1970; x_wconf 77' lang='grc' dir='ltr'>ἀσπίδ’</span> <span class='ocrx_word' id='word_1_161' title='bbox 786 1929 935 1980; x_wconf 78' lang='grc' dir='ltr'>εἱλίξας</span> <span class='ocrx_word' id='word_1_162' title='bbox 959 1929 1091 1981; x_wconf 83' lang='grc' dir='ltr'>δέμας,</span> 
     </span>
    </p>

    <p class='ocr_par' dir='ltr' id='par_1_3' title="bbox 106 2020 1438 2279">
     <span class='ocr_line' id='line_1_29' title="bbox 155 2020 1438 2062; baseline 0.006 -13"><span class='ocrx_word' id='word_1_163' title='bbox 155 2029 233 2058; x_wconf 86' lang='lat'>1154</span> <span class='ocrx_word' id='word_1_164' title='bbox 259 2020 348 2052; x_wconf 82' lang='grc' dir='ltr'>ὅστις</span> <span class='ocrx_word' id='word_1_165' title='bbox 367 2023 381 2052; x_wconf 89' lang='grc' dir='ltr'>ἐ</span> <span class='ocrx_word' id='word_1_166' title='bbox 398 2021 429 2052; x_wconf 89' lang='lat' dir='ltr'>in</span> <span class='ocrx_word' id='word_1_167' title='bbox 450 2031 565 2053; x_wconf 71' lang='lat' dir='ltr'>rasura</span> <span class='ocrx_word' id='word_1_168' title='bbox 583 2022 596 2052; x_wconf 85' lang='lat' dir='ltr'><em>l</em></span> <span class='ocrx_word' id='word_1_169' title='bbox 768 2032 849 2062; x_wconf 85' lang='lat'>1155</span> <span class='ocrx_word' id='word_1_170' title='bbox 875 2022 1028 2055; x_wconf 79' lang='grc' dir='ltr'>δικέλλας</span> <span class='ocrx_word' id='word_1_171' title='bbox 1048 2022 1080 2052; x_wconf 90' lang='grc' dir='ltr'><strong>Μ</strong></span> <span class='ocrx_word' id='word_1_172' title='bbox 1096 2021 1122 2052; x_wconf 85' lang='grc' dir='ltr'>Β</span> <span class='ocrx_word' id='word_1_173' title='bbox 1137 2021 1258 2055; x_wconf 69' lang='lat' dir='ltr'>VLE:</span> <span class='ocrx_word' id='word_1_174' title='bbox 1284 2021 1438 2054; x_wconf 78' lang='grc' dir='ltr'>δίκελλαν</span> 
     </span>
     <span class='ocr_line' id='line_1_30' title="bbox 106 2063 1437 2107; baseline 0.005 -15"><span class='ocrx_word' id='word_1_175' title='bbox 106 2063 204 2093; x_wconf 84' lang='grc' dir='ltr'>ΛΡΙ</span> <span class='ocrx_word' id='word_1_176' title='bbox 307 2065 390 2103; x_wconf 90' lang='lat'>1158</span> <span class='ocrx_word' id='word_1_177' title='bbox 413 2075 479 2096; x_wconf 88' lang='lat' dir='ltr'>om.</span> <span class='ocrx_word' id='word_1_178' title='bbox 503 2066 554 2096; x_wconf 81' lang='lat' dir='ltr'>M:</span> <span class='ocrx_word' id='word_1_179' title='bbox 581 2066 655 2096; x_wconf 82' lang='lat' dir='ltr'>add.</span> <span class='ocrx_word' id='word_1_180' title='bbox 677 2065 724 2095; x_wconf 70' lang='grc' dir='ltr'>Μ2</span> <span class='ocrx_word' id='word_1_181' title='bbox 743 2066 775 2096; x_wconf 87' lang='lat' dir='ltr'>in</span> <span class='ocrx_word' id='word_1_182' title='bbox 794 2067 946 2105; x_wconf 80' lang='lat' dir='ltr'>margine</span> <span class='ocrx_word' id='word_1_183' title='bbox 1049 2067 1128 2095; x_wconf 80' lang='lat'>1162</span> <span class='ocrx_word' id='word_1_184' title='bbox 1154 2065 1248 2107; x_wconf 81' lang='grc' dir='ltr'>κόρῃ]</span> <span class='ocrx_word' id='word_1_185' title='bbox 1265 2078 1316 2107; x_wconf 71' lang='grc' dir='ltr'>’γρ-</span> <span class='ocrx_word' id='word_1_186' title='bbox 1336 2065 1437 2106; x_wconf 83' lang='grc' dir='ltr'>χθόνα</span> 
     </span>
     <span class='ocr_line' id='line_1_31' title="bbox 107 2108 1436 2148; baseline 0 -8"><span class='ocrx_word' id='word_1_187' title='bbox 107 2111 130 2140; x_wconf 83' lang='grc' dir='ltr'>Σ</span> <span class='ocrx_word' id='word_1_188' title='bbox 265 2109 344 2146; x_wconf 77' lang='grc'>1164</span> <span class='ocrx_word' id='word_1_189' title='bbox 371 2109 425 2140; x_wconf 82' lang='grc' dir='ltr'>σὺς</span> <span class='ocrx_word' id='word_1_190' title='bbox 442 2112 512 2141; x_wconf 82' lang='grc' dir='ltr'>παῖς</span> <span class='ocrx_word' id='word_1_191' title='bbox 532 2109 562 2140; x_wconf 93' lang='lat' dir='ltr'>V</span> <span class='ocrx_word' id='word_1_192' title='bbox 576 2109 602 2139; x_wconf 88' lang='grc' dir='ltr'><em>Ρ</em></span> <span class='ocrx_word' id='word_1_193' title='bbox 742 2111 823 2148; x_wconf 82' lang='grc'>1165</span> <span class='ocrx_word' id='word_1_194' title='bbox 844 2111 894 2141; x_wconf 75' lang='grc' dir='ltr'>καὶ</span> <span class='ocrx_word' id='word_1_195' title='bbox 912 2120 977 2140; x_wconf 83' lang='lat' dir='ltr'>om.</span> <span class='ocrx_word' id='word_1_196' title='bbox 1000 2108 1032 2138; x_wconf 88' lang='lat' dir='ltr'><strong>M</strong></span> <span class='ocrx_word' id='word_1_197' title='bbox 1164 2110 1247 2139; x_wconf 88' lang='lat'>1166</span> <span class='ocrx_word' id='word_1_198' title='bbox 1270 2110 1436 2140; x_wconf 79' lang='grc' dir='ltr'>αἷτωλοΐσι</span> 
     </span>
     <span class='ocr_line' id='line_1_32' title="bbox 108 2150 1436 2194; baseline 0.003 -14"><span class='ocrx_word' id='word_1_199' title='bbox 108 2150 174 2190; x_wconf 73' lang='lat' dir='ltr'>(vel</span> <span class='ocrx_word' id='word_1_200' title='bbox 194 2151 274 2191; x_wconf 57' lang='lat' dir='ltr'>vav)</span> <span class='ocrx_word' id='word_1_201' title='bbox 292 2150 363 2181; x_wconf 82' lang='lat' dir='ltr'>AV</span> <span class='ocrx_word' id='word_1_202' title='bbox 471 2154 553 2183; x_wconf 86' lang='lat'>1168</span> <span class='ocrx_word' id='word_1_203' title='bbox 578 2153 703 2193; x_wconf 76' lang='grc' dir='ltr'>ἐρίπνας</span> <span class='ocrx_word' id='word_1_204' title='bbox 721 2153 754 2183; x_wconf 89' lang='grc' dir='ltr'><strong>Μ</strong></span> <span class='ocrx_word' id='word_1_205' title='bbox 769 2153 795 2183; x_wconf 88' lang='grc' dir='ltr'>Β</span> <span class='ocrx_word' id='word_1_206' title='bbox 808 2158 831 2187; x_wconf 88' lang='grc' dir='ltr'>Σ</span> <span class='ocrx_word' id='word_1_207' title='bbox 848 2164 854 2183; x_wconf 76' lang='lat'>1</span> <span class='ocrx_word' id='word_1_208' title='bbox 879 2155 1004 2194; x_wconf 72' lang='grc' dir='ltr'>ἐριπνὲις</span> <span class='ocrx_word' id='word_1_209' title='bbox 1020 2152 1092 2182; x_wconf 81' lang='lat' dir='ltr'>AV</span> <span class='ocrx_word' id='word_1_210' title='bbox 1105 2153 1130 2182; x_wconf 90' lang='lat' dir='ltr'>L</span> <span class='ocrx_word' id='word_1_211' title='bbox 1144 2151 1169 2182; x_wconf 87' lang='lat' dir='ltr'>P</span> <span class='ocrx_word' id='word_1_212' title='bbox 1274 2152 1436 2192; x_wconf 69' lang='grc' dir='ltr'>φυγάδας]</span> 
     </span>
     <span class='ocr_line' id='line_1_33' title="bbox 107 2194 1438 2237; baseline 0.001 -13"><span class='ocrx_word' id='word_1_213' title='bbox 107 2194 252 2233; x_wconf 80' lang='grc' dir='ltr'>φύλακας</span> <span class='ocrx_word' id='word_1_214' title='bbox 271 2205 462 2235; x_wconf 80' lang='lat' dir='ltr'>anonymus</span> <span class='ocrx_word' id='word_1_215' title='bbox 479 2197 567 2236; x_wconf 80' lang='lat' dir='ltr'>apud</span> <span class='ocrx_word' id='word_1_216' title='bbox 584 2196 865 2227; x_wconf 79' lang='lat' dir='ltr'>Valckenaeriurn</span> <span class='ocrx_word' id='word_1_217' title='bbox 984 2206 1066 2235; x_wconf 89' lang='lat'><em>1170</em></span> <span class='ocrx_word' id='word_1_218' title='bbox 1089 2196 1220 2237; x_wconf 80' lang='grc' dir='ltr'>πύργοις</span> <span class='ocrx_word' id='word_1_219' title='bbox 1238 2195 1269 2227; x_wconf 85' lang='grc' dir='ltr'>τ’</span> <span class='ocrx_word' id='word_1_220' title='bbox 1289 2195 1438 2234; x_wconf 82' lang='lat' dir='ltr'>Lenting</span> 
     </span>
     <span class='ocr_line' id='line_1_34' title="bbox 111 2238 1436 2279; baseline 0.001 -11"><span class='ocrx_word' id='word_1_221' title='bbox 111 2247 187 2275; x_wconf 84' lang='grc'>1171</span> <span class='ocrx_word' id='word_1_222' title='bbox 216 2238 399 2272; x_wconf 77' lang='grc' dir='ltr'>παύσαντας</span> <span class='ocrx_word' id='word_1_223' title='bbox 419 2240 464 2271; x_wconf 84' lang='lat' dir='ltr'>L:</span> <span class='ocrx_word' id='word_1_224' title='bbox 491 2251 575 2271; x_wconf 71' lang='lat' dir='ltr'>corr.</span> <span class='ocrx_word' id='word_1_225' title='bbox 594 2240 606 2269; x_wconf 81' lang='lat' dir='ltr'><em>l</em></span> <span class='ocrx_word' id='word_1_226' title='bbox 755 2250 836 2279; x_wconf 86' lang='lat'><em>1172</em></span> <span class='ocrx_word' id='word_1_227' title='bbox 861 2242 888 2272; x_wconf 80' lang='grc' dir='ltr'>δ’</span> <span class='ocrx_word' id='word_1_228' title='bbox 906 2241 987 2272; x_wconf 82' lang='grc' dir='ltr'>ὅπως</span> <span class='ocrx_word' id='word_1_229' title='bbox 1004 2239 1035 2269; x_wconf 85' lang='grc' dir='ltr'>Α</span> <span class='ocrx_word' id='word_1_230' title='bbox 1187 2249 1268 2278; x_wconf 88' lang='lat'><em>1174</em></span> <span class='ocrx_word' id='word_1_231' title='bbox 1293 2238 1391 2270; x_wconf 83' lang='grc' dir='ltr'>τόσον</span> <span class='ocrx_word' id='word_1_232' title='bbox 1406 2239 1436 2268; x_wconf 81' lang='lat' dir='ltr'>V</span> 
     </span>
    </p>
   </div>
   <div class='ocr_carea' id='block_1_3' title="bbox 112 2281 1436 2367">
    <p class='ocr_par' dir='ltr' id='par_1_4' title="bbox 112 2281 1436 2367">
     <span class='ocr_line' id='line_1_35' title="bbox 112 2281 1436 2323; baseline -0.002 -10"><span class='ocrx_word' id='word_1_233' title='bbox 112 2290 190 2319; x_wconf 76' lang='lat'>1175</span> <span class='ocrx_word' id='word_1_234' title='bbox 215 2283 373 2323; x_wconf 73' lang='grc' dir='ltr'>εῖμγάθειν</span> <span class='ocrx_word' id='word_1_235' title='bbox 406 2284 502 2315; x_wconf 78' lang='lat' dir='ltr'><strong>codd.</strong></span> <span class='ocrx_word' id='word_1_236' title='bbox 737 2285 819 2322; x_wconf 80' lang='lat'>1176</span> <span class='ocrx_word' id='word_1_237' title='bbox 852 2286 885 2315; x_wconf 81' lang='grc' dir='ltr'>οὐ</span> <span class='ocrx_word' id='word_1_238' title='bbox 927 2284 958 2313; x_wconf 85' lang='grc' dir='ltr'>Μ</span> <span class='ocrx_word' id='word_1_239' title='bbox 976 2283 1002 2312; x_wconf 82' lang='lat' dir='ltr'>B</span> <span class='ocrx_word' id='word_1_240' title='bbox 1017 2282 1183 2316; x_wconf 72' lang='lat' dir='ltr'>VA‘2l2:</span> <span class='ocrx_word' id='word_1_241' title='bbox 1227 2293 1292 2313; x_wconf 82' lang='lat' dir='ltr'>om.</span> <span class='ocrx_word' id='word_1_242' title='bbox 1329 2281 1436 2311; x_wconf 85' lang='lat' dir='ltr'>ALP</span> 
     </span>
     <span class='ocr_line' id='line_1_36' title="bbox 112 2326 973 2367; baseline -0.001 -12"><span class='ocrx_word' id='word_1_243' title='bbox 112 2332 191 2362; x_wconf 87' lang='lat'><strong>1177</strong></span> <span class='ocrx_word' id='word_1_244' title='bbox 216 2327 426 2366; x_wconf 70' lang='grc' dir='ltr'>πτερούμενος</span> <span class='ocrx_word' id='word_1_245' title='bbox 446 2327 477 2356; x_wconf 82' lang='grc' dir='ltr'><strong>Μ</strong></span> <span class='ocrx_word' id='word_1_246' title='bbox 616 2328 696 2364; x_wconf 82' lang='grc'>1178</span> <span class='ocrx_word' id='word_1_247' title='bbox 722 2329 838 2367; x_wconf 82' lang='grc' dir='ltr'>εἱλίξας</span> <span class='ocrx_word' id='word_1_248' title='bbox 857 2326 888 2356; x_wconf 86' lang='grc' dir='ltr'>Μ</span> <span class='ocrx_word' id='word_1_249' title='bbox 903 2326 928 2355; x_wconf 74' lang='grc' dir='ltr'>Β</span> <span class='ocrx_word' id='word_1_250' title='bbox 944 2327 973 2355; x_wconf 72' lang='lat' dir='ltr'>V</span> 
     </span>
    </p>
   </div>
   <div class='ocr_carea' id='block_1_4' title="bbox 1606 0 1658 333">
    <p class='ocr_par' dir='ltr' id='par_1_5' title="bbox 1606 0 1658 333">
     <span class='ocr_line' id='line_1_37' title="bbox 1606 0 1658 333; baseline 0 2407"><span class='ocrx_word' id='word_1_251' title='bbox 1606 0 1658 333; x_wconf 95' lang='lat' dir='ltr'> </span> 
     </span>
    </p>
   </div>
  </div>
 </body>
</html>
