1658 2740
619 234 959 288 BAKXAI

503 460 790 498 ΎΠΟΘΕΣΙΣ
839 460 903 496 ΒΑ
912 461 979 497 ΚΧ
988 461 1067 498 ΩΝ

172 546 338 579 Διόνυσον
356 547 387 579 οἱ
404 544 633 591 προσήκοντες
651 545 708 579 οὐκ
725 545 862 589 ἔφασαν
878 543 958 579 εἶναι
977 545 1063 579 θεόν·
1080 544 1096 578 ὃ
1112 545 1147 579 δὲ
1161 544 1274 580 αὐτοῖς
1291 545 1454 591 τιμωρίαν

122 602 293 645 ἐπέστησε
321 602 380 646 τὴν
405 602 615 648 πρέπουσαν.
678 602 834 647 ἐμμανεῖς
859 603 924 648 γὰρ
951 601 1090 647 ἐποίησε
1115 603 1174 638 τὰς
1200 606 1266 638 τῶν
1293 604 1453 647 Θηβαίων

121 661 288 705 γυναῖκας,
302 658 348 707 οἷν
365 662 397 694 αἱ
415 662 474 694 τοῦ
487 660 624 703 Κάδμου
643 660 826 705 θυγατέρες
843 660 1075 706 ἀφηγούμενοι
1086 661 1164 696 τοὺς
1178 661 1319 697 θιάσους
1331 662 1454 707 ἐξῆγον

122 717 176 751 ε’πὶ
195 718 253 752 τὸν
273 717 470 763 Κιθαιρῶνα.
508 718 653 754 Πενθεὺς
681 717 730 762 δέ,
758 720 775 752 ὁ
800 720 858 762 τῆς
879 717 1024 763 Ἀγαύης
1049 721 1138 762 παῖς,
1156 721 1369 764 παραλαβὼν
1394 720 1454 764 τὴν

122 774 303 815 βασιλείαν
343 775 532 820 ἐδυσφόρει
570 777 639 810 τοῖς
681 775 868 821 γινομένοις
907 777 959 810 καί
995 790 1086 811 τινας
1119 777 1180 821 μὲν
1212 781 1278 810 τῶν
1314 781 1454 822 Βακχῶν
1473 786 1490 817 5

123 833 312 871 συλλαβὼν
337 832 470 876 ἔδησεν,
497 832 549 866 ἐπ’
576 833 676 867 αὐτὸν
703 833 739 867 δέ
766 834 824 868 τὸν
850 833 926 868 θεὸν
951 833 1065 868 ἄλλως
1090 833 1303 869 ἀπέστειλεν.
1359 834 1390 869 οἳ
1417 835 1451 868 δέ

122 890 256 925 ἑκόντος
274 891 375 924 αὐτοῦ
393 889 628 936 κυριεύσαντες
653 890 736 936 ἦγον
757 892 840 936 πρὸς
861 893 920 926 τὸν
944 891 1086 936 Πενθέα,
1106 893 1255 928 κάκεῖνος
1272 891 1453 928 ἐκέλευσεν

123 946 291 990 δήσαντας
316 949 415 983 αὐτὸν
440 949 536 983 ἔνδον
561 949 759 994 φυλάττειν,
781 951 819 984 οὐ
844 950 956 996 λέγων
981 952 1085 994 μόνον
1111 950 1161 986 ὅτι
1188 951 1264 986 θεὸς
1291 951 1350 985 οὐκ
1375 951 1451 985 ἔστι

123 1006 299 1048 Διόνυσος,
319 1005 411 1040 ἀλλὰ
434 1007 487 1041 καὶ
505 1007 666 1052 πράττειν
684 1009 793 1042 πάντα
818 1008 862 1043 ὣς
887 1007 960 1042 κατ’
977 1008 1156 1053 ἀνθρώπου
1181 1011 1327 1053 τολμῶν.
1379 1008 1397 1042 ὃ
1415 1008 1451 1042 δέ

121 1064 264 1106 σεισμὸν
288 1063 436 1109 ποιήσας
462 1066 678 1110 κατέστρεψε
703 1066 744 1099 τὰ
769 1066 942 1109 βασίλεια,
965 1065 1102 1111 ἀγαγὼν
1128 1066 1163 1100 δέ
1190 1067 1235 1102 εἷς
1262 1066 1451 1110 Κιθαιρῶνα
1474 1079 1513 1101 10

114 1122 239 1157 ’ἔπεισε
277 1123 336 1157 τὸν
372 1122 503 1157 Πενθέα
541 1124 709 1167 κατόπτην
743 1123 903 1168 γενέσθαι
939 1127 1005 1159 τῶν
1038 1127 1202 1168 γυναικῶν
1235 1126 1452 1170 λαμβάνοντα

120 1181 275 1226 γυναικὸς
304 1182 444 1226 ἐσθῆτα·
477 1180 510 1216 αἳ
529 1181 557 1216 δ’
576 1181 676 1217 αὐτὸν
702 1181 906 1224 διέσπασαν,
926 1183 984 1226 τῆς
1009 1183 1133 1227 μητρὸς
1159 1182 1304 1228 Ἀγαύης
1330 1198 1451 1229 καταρ-

120 1240 275 1286 ξαμένης.
359 1242 495 1287 Κάδμος
522 1241 558 1275 δέ
586 1242 625 1275 τὸ
658 1242 798 1287 γεγονὸς
829 1241 1094 1286 καταισθόμενος
1123 1242 1164 1276 τὰ
1194 1242 1452 1278 διασπασθέντα

121 1301 205 1344 μέλη
224 1300 427 1346 συναγαγὼν
443 1301 637 1335 τελευταῖον
654 1300 692 1334 τὸ
710 1300 897 1345 πρόσωπον
908 1300 944 1335 ἐν
956 1301 1028 1336 ταῖς
1038 1301 1097 1344 τῆς
1110 1301 1273 1344 τεκούσης
1289 1301 1451 1346 ἐφώρασε

120 1360 250 1403 χερσίν.
297 1359 465 1393 Διόνυσος
481 1358 517 1392 δὲ
543 1357 717 1402 ἐπιφανεὶς
736 1359 778 1392 τὰ
803 1358 863 1402 μὲν
888 1359 974 1393 πᾶσι
999 1357 1237 1404 παρήγγειλεν,
1256 1358 1388 1405 ἑκάστῳ
1415 1359 1450 1392 δέ
1474 1368 1510 1399 15

121 1416 140 1450 ἃ
167 1415 382 1461 συμβήσεται
408 1416 623 1461 διεσάφησεν
651 1416 808 1462 ῒὲργοις,
836 1415 889 1451 ἵνα
923 1416 966 1461 μὴ
997 1417 1148 1462 λόγοιςῆ·
1176 1416 1241 1452 ὑπό
1269 1431 1360 1452 τινος
1386 1419 1450 1450 τῶν

121 1476 214 1512 ε’κτὸς
232 1478 277 1513 ὡς
294 1477 469 1523 ἅνθρωπος
487 1476 738 1523 καταφρονηθῇ.

189 1585 614 1622 ΑΡΙΣΤΟΦΑΝΟὙΣ
653 1582 1058 1622 ΓΡΑΜΜΑΤΙΚΟὙ
1097 1582 1384 1620 ΎΠΟΘΕΣΙΣ

169 1670 335 1704 Διόνυσος
380 1668 581 1704 ἀποθεωθεὶς
614 1669 657 1713 μὴ
694 1669 907 1712 βουλομένου
950 1667 1104 1702 Πενθέως
1134 1668 1175 1700 τὰ
1208 1666 1306 1712 ὄργια
1347 1668 1450 1702 αὐτοῦ

120 1726 370 1772 ἀναλαμβάνειν
397 1727 443 1762 εἷς
469 1727 588 1772 μανίαν
617 1726 754 1772 ἀγαγὼν
778 1727 837 1761 τὰς
861 1727 922 1769 τῆς
950 1725 1074 1770 μητρὸς
1099 1724 1254 1769 ἀδελφὰς
1279 1723 1448 1769 ἠνάγκασε
1472 1736 1511 1758 20

120 1785 251 1819 Πενθέα
270 1785 469 1820 διασπάσαι.
517 1784 536 1828 ἡ
552 1784 733 1829 μυθοποιία
752 1785 856 1819 κεῖται
873 1782 955 1828 παρ’
974 1782 1139 1828 Αἰσχύλῳ
1157 1782 1191 1818 ἐν
1210 1782 1342 1817 Πενθεῖ.

163 1865 373 1903 Argumenta
397 1865 498 1896 habet
523 1864 550 1895 P
570 1875 578 1895 τ
602 1875 663 1895 om.
692 1864 718 1894 L
877 1873 896 1902 3
921 1862 1046 1895 θιάσους
1071 1861 1242 1901 Elmsley:
1268 1861 1401 1903 θράσους
1422 1862 1450 1893 Ρ

121 1911 236 1949 ἐξῆγον
254 1908 453 1939 Kirchhoff:
472 1910 606 1949 εἰσῆγον
618 1907 645 1937 Ρ
791 1917 811 1945 4
835 1906 973 1947 Ἀγαύης
986 1912 1030 1946 p:
1051 1906 1194 1945 spatium
1211 1915 1350 1936 vacuum
1368 1906 1448 1936 reli-

120 1957 238 1991 querat
254 1952 281 1982 is
298 1952 354 1991 qui
378 1957 613 1991 argumentum
639 1950 772 1991 scripsit
797 1950 830 1980 in
857 1949 892 1988 P,
921 1953 955 1980 ut
981 1950 1079 1979 etiam
1101 1949 1240 1987 Agavae
1264 1959 1387 1979 nomen
1412 1949 1445 1979 in

120 2005 339 2034 personarum
358 1995 469 2026 indice
487 1995 702 2033 ignorabatur
834 1994 1030 2035 παραλαβὼν
1049 1992 1200 2032 Elmsley
1220 2003 1228 2023 τ
1251 1993 1404 2033 παραβὼν
1421 1992 1448 2022 Ρ

119 2041 140 2069 6
163 2039 288 2080 ἄλλως]
307 2038 467 2080 ἀγγέλους
485 2038 652 2078 Elmsley:
678 2040 783 2078 δμῶας
799 2036 979 2068 Wecklein
1136 2047 1157 2075 9
1180 2036 1341 2077 ἀνθρώπου
1358 2035 1445 2066 Her-

120 2093 235 2114 mann:
259 2084 421 2124 ἄνθρωπον
434 2082 460 2112 Ρ
551 2092 589 2112 12
610 2085 776 2122 κατα*ξαμ
787 2080 967 2120 (asterisco
978 2090 1078 2119 supra
1090 2093 1112 2118 μ
1123 2079 1250 2119 posito)
1264 2079 1306 2109 P:
1330 2084 1446 2120 corr.p

123 2136 161 2165 15
193 2126 235 2158 τὰ
250 2125 309 2166 μὲν
328 2126 478 2164 Elmsley
494 2137 501 2156 ε
529 2125 587 2165 μὲν
606 2125 632 2155 Ρ
789 2125 827 2154 16
857 2125 909 2156 ἵνα
924 2125 967 2162 μὴ
987 2124 1090 2165 ἔργοις
1107 2124 1126 2161 ἢ
1144 2122 1255 2163 λόγοις
1272 2122 1443 2162 Elmsley:

119 2169 262 2200 fortasse
287 2169 410 2211 λόγοις,
436 2170 489 2201 ἵνα
510 2170 554 2208 μὴ
573 2169 677 2210 ἔργοις
841 2177 879 2196 21
908 2167 1082 2199 διασπάσαι
1107 2166 1284 2198 Musurus:
1309 2168 1443 2198 διασπα-

119 2215 231 2250 σθῆναι
249 2211 275 2242 Ρ

205 2422 285 2443 EUR.
306 2422 356 2442 ιη.
1270 2408 1311 2440 15
