1658 2740
706 120 1054 157 ΕΥΡΙΠΙΔΟΥ

216 233 242 260 Δ
252 231 264 259 l
274 231 299 259 O
311 231 342 259 M
356 231 384 258 Η
398 231 424 259 Δ
435 231 463 258 H
479 231 499 258 Σ

314 290 394 335 οὔκ,
423 290 529 329 ἀλλὰ
554 292 681 340 δεσμὰ
707 294 891 330 πωλικῶν
919 288 964 339 ἐξ
985 291 1164 343 ἀντύγων

316 356 448 406 κλάζει
475 355 649 408 σιδήρου·
687 356 784 407 κάμέ
808 374 880 402 τοι,
909 357 999 408 πρὶν
1023 357 1205 412 ᾐσθόμην

315 425 471 474 δεσμῶν
496 422 673 475 ἀραγμὸν
699 424 881 470 ἱππικῶν,
910 422 974 463 ἕδυ
999 424 1143 476 φόβος.

215 490 287 529 Οδ.
305 489 375 540 ὅρα
402 489 485 529 κατ’
510 491 667 541 ὄρφνην
689 488 741 539 μὴ
769 488 943 541 φύλαξιν
969 490 1148 546 ἐντύχῃς.
1476 503 1538 533 570

217 559 281 595 Δι.
304 554 536 607 φυλάξομαί
557 572 617 595 τοι
644 555 715 595 κάν
735 556 864 610 σκότῳ
889 556 1010 598 τιθεὶς
1035 557 1149 596 πόδα.

215 625 287 661 Οδ.
309 618 356 672 ἣν
382 621 414 661 δ’
440 622 507 662 οὖν
533 622 699 677 ἐγείρῃς,
727 621 846 661 οἶσθα
873 623 1055 673 σύνθημα
1079 626 1269 675 στρατοῦ,-

218 692 282 728 Δι.
305 691 490 739 Φοῖβον
517 688 707 729 Δόλωνος
732 687 818 728 οἶδα
843 688 1052 739 σύμβολον
1080 689 1220 729 κλύων.

216 791 288 827 Οδ.
311 788 367 827 ἔα·

317 855 431 895 εὐνὰς
458 853 621 906 ἐρήμους
645 853 769 895 τάσδε
794 855 995 905 πολεμίων
1021 856 1109 907 ὁρῶ.

219 927 282 961 Δι.
321 923 383 961 καὶ
408 920 485 971 μὴν
512 922 656 961 Δόλων
682 939 727 973 γε
753 921 866 962 τάσδ’
892 922 1060 974 ἔφραζεν
1078 920 1270 973 ’Έκτορος
1476 932 1537 964 575

318 989 462 1034 κοίτας,
490 987 555 1039 ἐφ’
581 986 682 1043 ᾧπερ
709 988 827 1041 ἔγχος
854 989 1057 1028 εἵλκυσται
1082 989 1182 1028 τόδε.

216 1058 287 1095 Οδ.
315 1057 357 1095 τί
377 1053 459 1104 δῆτ’
487 1054 533 1094 ἂν
562 1056 638 1104 εἵη,·
676 1058 761 1105 μῶν
784 1055 909 1108 λόχος
933 1054 1089 1105 βέβηκέ
1114 1071 1198 1100 ποι;

218 1127 282 1162 Δι.
313 1123 412 1163 ἴσως
438 1120 504 1173 ἐφ’
527 1121 620 1172 ἡμῖν
644 1121 827 1174 μηχανὴν
854 1120 1016 1171 στήσων
1041 1121 1140 1162 τινά.

216 1192 287 1228 Οδ.
314 1189 463 1240 θρασὺς
488 1190 562 1240 γὰρ
581 1186 739 1239 ’Έκτωρ
763 1191 844 1233 νῦν,
874 1188 958 1227 ἐπεὶ
984 1191 1127 1239 κρατεῖ,
1156 1188 1314 1239 θρασύς.

216 1261 279 1295 Δι.
316 1256 356 1295 τί
377 1254 471 1304 δῆτ’,
500 1254 712 1300 Ὀδυσσεῦ,
742 1257 912 1306 δρῶμεν;
953 1253 996 1293 οὐ
1020 1256 1094 1306 γὰρ
1118 1255 1286 1305 ηὕρομεν
1476 1257 1539 1296 580

314 1322 381 1362 τὸν
407 1321 514 1373 ἄνδρ’
541 1323 582 1361 ἐν
609 1321 751 1367 εὐναῖς,
780 1321 953 1361 ἐλπίδων
979 1320 1010 1360 δ’
1036 1319 1271 1372 ἡμάρτομεν.

214 1391 284 1428 Οδ.
309 1390 532 1441 στείχωμεν
559 1388 609 1428 ὡς
635 1387 807 1440 τάχιστα
834 1386 1094 1437 ναυστάθμων
1120 1386 1258 1427 πέλας.

316 1453 432 1509 σῴζει
457 1456 532 1506 γὰρ
560 1454 677 1494 αὐτὸν
703 1454 815 1495 ὅστις
841 1453 983 1506 εὐτυχῆ
1010 1455 1108 1493 θεῶν

314 1523 482 1571 τίθησιν·
521 1521 613 1570 ἡμῖν
639 1520 670 1558 δ’
699 1520 743 1559 οὐ
768 1519 962 1570 βιαστέον
989 1520 1125 1571 τύχην.

215 1593 278 1628 Aa.
315 1588 383 1628 οὐκ
408 1588 476 1627 οὖν
503 1586 562 1626 ἐπ’
591 1585 734 1626 Αἰνέαν
761 1583 783 1635 ἢ
812 1588 880 1625 τὸν
907 1585 1094 1637 ἔχθιστον
1120 1587 1287 1636 Φρυγῶν
1476 1589 1538 1626 585

313 1653 442 1705 Πάριν
467 1653 638 1704 μολόντε
664 1651 739 1705 χρὴ
769 1655 1003 1703 καρατομεῖν
1029 1650 1156 1704 ξίφει;

213 1723 285 1760 Οδ.
311 1724 392 1762 πῶς
418 1720 485 1760 οὖν
511 1722 552 1760 ἐν
578 1721 706 1774 ὄρφνῃ
733 1719 936 1769 πολεμίων
965 1719 1038 1758 ἀνὰ
1064 1718 1235 1770 στρατὸν

316 1788 438 1837 ζητῶν
464 1785 613 1842 δυνήσῃ
641 1785 773 1826 τούσδ’
805 1786 1017 1826 ἀκινδύνως
1044 1788 1217 1830 κτανεΐν;

217 1858 280 1894 Δι.
315 1854 483 1906 αἰσχρόν
509 1871 552 1905 γε
577 1852 712 1903 μέντοι
739 1855 830 1894 ναῦς
859 1851 918 1892 ἐπ’
946 1851 1137 1904 Ἀργείων
1160 1854 1298 1901 μολεῖν

314 1919 511 1972 δράσαντε
535 1922 657 1971 μηδὲν
685 1920 896 1970 πολεμίους
925 1919 1127 1970 νεώτερον.
1479 1929 1542 1961 590

215 1989 287 2027 Οδ.
313 1990 394 2029 πῶς
419 1987 452 2027 δ’
479 1987 523 2026 οὐ
549 1986 756 2039 δέδρακας;
797 1987 841 2026 οὐ
868 1986 1055 2027 κτανόντε
1082 1985 1343 2036 ναυστάθμων

316 2053 567 2094 κατάσκοπον
596 2055 767 2094 Δόλωνα
799 2051 977 2108 σῴζομεν
1002 2053 1094 2093 τάδε

258 2149 323 2186 569
356 2149 505 2188 ἀραγμῶν
534 2147 592 2188 (V)
733 2156 798 2186 570
834 2147 952 2188 ὄρφναν
980 2146 1005 2176 L
1025 2146 1051 2176 P
1183 2154 1344 2191 57:2‚573
1379 2153 1544 2183 personae

216 2195 313 2221 notas
330 2201 394 2221 om.
412 2191 441 2221 O
533 2201 597 2231 573
622 2190 808 2230 σύμβουλον
828 2190 982 2230 primitus
1003 2190 1028 2220 P
1118 2198 1180 2228 574
1205 2190 1278 2221 Οδ.]
1297 2187 1542 2227 paragraphum

219 2233 245 2263 L
369 2245 430 2274 577
457 2235 560 2275 λόχον
577 2234 759 2265 Wecklein
886 2243 950 2272 579
974 2235 1029 2265 νῦν
1045 2232 1071 2265 δ’
1091 2232 1120 2263 O
1247 2233 1310 2270 582
1335 2231 1544 2270 ναυστάθμων

219 2277 248 2307 Ο
262 2277 338 2318 (V)2
365 2279 566 2317 ναυστάθμου
585 2278 610 2308 L
623 2277 649 2308 P
796 2277 859 2315 583
884 2278 972 2308 ὅστις
991 2276 1021 2306 Ο
1036 2277 1094 2317 (V)
1114 2288 1119 2307 ε
1145 2277 1244 2317 ὅσπερ
1262 2275 1287 2304 L
1301 2274 1362 2305 1³²:
1386 2274 1426 2306 ὥς
1442 2287 1500 2315 περ
1518 2273 1544 2303 P

218 2321 281 2359 585
305 2322 410 2353 αι’νεάν
427 2321 457 2351 Ο
474 2333 480 2352 :
506 2322 624 2353 αἷνεῖαν
642 2321 667 2350 L
684 2320 710 2350 P
841 2321 906 2359 586
928 2320 1067 2359 μολόντε
1089 2319 1236 2350 Canter:
1259 2317 1416 2357 μολόντες
1434 2316 1460 2346 L
1473 2315 1541 2346 ΡΟ

220 2364 333 2395 Haun.
427 2367 489 2405 χρὴ
510 2365 635 2401 Halm„
654 2369 687 2394 et
704 2369 739 2394 ut
757 2364 890 2393 videtur
908 2363 956 2394 O:
983 2365 1066 2404 χρῆν
1084 2363 1110 2393 L
1122 2363 1148 2393 P
1245 2371 1308 2401 590
1331 2360 1493 2399 πολεμίοις
1511 2359 1541 2388 O

220 2416 279 2445 591
308 2410 371 2438 πῶς
392 2409 427 2438 οὐ
444 2418 549 2446 apogr
651 2407 797 2447 δέδορκας
815 2407 968 2445 primitus
987 2406 1017 2436 O
1107 2405 1294 2444 ναυστάθμω
1312 2404 1369 2445 (V)
