1658 2740
670 99 957 137 ΟΡΕΣΤΙ-ΙΣ

263 230 321 234 --
384 204 424 243 τί
447 205 617 255 δρῶμεν,·
656 202 919 256 ἀγγέλλωμεν
945 203 985 244 ἐς
1010 203 1128 243 πόλιν
1154 202 1264 249 τάδε

380 266 404 320 ἢ
431 270 512 322 σῖγ’
539 270 711 323 ἔχωμεν,·
750 268 1074 322 ἀσφαλέστερον,
1103 271 1231 322 φίλαι.
1390 285 1476 316 1540

264 363 321 368 υ·
512 338 569 378 ἴδε
594 336 668 390 πρὸ
694 334 886 388 δωμάτων
911 337 968 376 ἴδε
993 336 1264 388 προκηρύσσει

514 403 663 453 θοάζων
688 403 744 444 ὅδ’
771 402 927 454 αἰθέρος
952 402 1031 443 ἅνω
1059 404 1216 445 καπνός.

263 496 317 502 —-—
378 468 548 510 ἅπτουσι
573 470 728 516 πεύκας,
758 469 810 512 ὡς
835 469 1087 521 πυρώσοντες
1112 471 1254 522 δόμους

379 536 468 578 τοὺς
492 537 772 583 Τανταλείους,
801 536 881 577 οὐδ’
908 536 1151 589 ἀφίστανται
1177 537 1313 589 φόνου.

260 630 315 636 --
575 603 690 645 τέλος
716 604 801 658 ἔχει
828 604 976 655 δαίμων
1001 607 1174 656 βροτοῖς,
1392 616 1474 648 Ῑ545

644 669 759 712 τέλος
785 671 862 724 ὅπᾳ
889 669 1000 726 θέλῃ.

272 763 319 769 —-
446 736 601 789 μεγάλα
625 736 668 777 δέ
692 754 749 778 τις
775 738 800 777 ἁ
826 737 987 788 δύναμις
1012 732 1090 776 ’Ϋδί
1117 737 1353 789 ἀλαστόρων

512 803 623 844 ἕπεσ’
650 803 771 844 ἔπεσε
794 802 975 856 μέλαθρα
999 803 1092 844 τάδε
1117 803 1165 844 δι’
1191 799 1396 854 αἱμάτωνῨ

513 872 575 910 διὰ
599 870 642 910 τὸ
665 871 873 922 ’Μυρτίλου
898 869 1044 921 πέσημ’
1070 872 1112 911 ἐκ
1136 871 1290 924 δίφρου.

169 1019 225 1024 —
244 992 350 1032 ἀλλὰ
373 991 451 1043 μὴν
477 992 539 1033 καὶ
564 993 675 1033 τόνδε
701 992 866 1033 λεύσσω
894 991 1108 1034 Μενέλεων
1134 993 1264 1044 δόμων
1289 992 1414 1035 πέλας

243 1058 426 1109 ὀξύπουν,
452 1058 677 1116 ᾐσθημένον
703 1075 777 1100 που
802 1059 873 1110 τὴν
898 1059 1022 1113 τύχην
1047 1058 1070 1110 ἢ
1097 1063 1163 1100 νῦν
1189 1059 1306 1112 πάρα.
1389 1073 1474 1104 1550

243 1124 368 1166 οὐκέτ’
393 1125 441 1166 ἂν
467 1124 657 1178 φθάνοιτε
687 1128 839 1183 κλῇθρα
865 1127 1200 1178 συμπεραίνοντες
1223 1131 1403 1180 μοχλοῖς,

242 1189 271 1231 ὦ
299 1194 396 1232 κατὰ
422 1191 568 1244 στέγας
592 1191 802 1244 Ἀτρεῖδαι.
875 1192 1003 1233 δεινὸν
1029 1192 1203 1246 εὐτυχῶν
1229 1193 1327 1245 ἀνὴρ

242 1258 338 1311 πρὸς
359 1262 483 1302 κακῶς
503 1257 776 1312 πράσσοντας,
799 1259 850 1302 ὡς
870 1259 920 1300 σὺ
940 1263 1021 1305 νῦν,
1041 1258 1229 1311 Ὀρέστα,
1251 1253 1471 1314 δυστυχεῖς.

142 1385 218 1423 Με.
308 1380 387 1432 ἥκω
414 1381 544 1423 κλύων
568 1383 617 1422 τὰ
642 1383 749 1423 δεινὰ
775 1382 837 1423 καὶ
863 1380 1079 1434 δραστήρια

308 1451 467 1489 δισσοῖν
490 1449 682 1490 λεόντοιν·
722 1448 767 1489 οὐ
791 1450 866 1502 γὰρ
891 1447 998 1501 ἄνδρ’
1024 1448 1126 1489 αὐτὼ
1151 1452 1271 1489 καλῶ.
1388 1462 1470 1493 1555

312 1514 463 1566 ἤκουσα
488 1517 564 1568 γὰρ
589 1515 634 1566 δὴ
659 1515 731 1566 τὴν
757 1515 854 1567 ἐμὴν
879 1514 1070 1568 ξυνάορον

309 1581 360 1623 ὡς
385 1581 429 1622 οὐ
453 1581 651 1633 τέθνηκεν,
678 1582 769 1623 ἀλλ’
797 1582 973 1635 ἄφαντος
997 1583 1210 1636 οἴχεται-

307 1648 422 1698 κενὴν
447 1648 620 1691 ἀκούσας
643 1648 778 1700 βάξιν,
806 1648 853 1699 ἣν
879 1650 997 1703 φόβῳ
1024 1649 1197 1702 σφαλεὶς

307 1714 470 1767 ἤγγειλέ
494 1716 563 1766 μοί
584 1732 654 1758 τις.
726 1716 833 1756 ἀλλὰ
857 1719 925 1755 τοῦ
948 1716 1214 1768 μητροκτόνου

309 1781 551 1835 τεχνάσματ’
577 1782 663 1822 ἐστὶ
688 1785 808 1822 ταῦτα
833 1783 896 1823 καὶ
921 1782 1044 1825 πολὺς
1069 1781 1210 1834 γέλως.
1386 1785 1468 1826 1560

185 1879 263 1904 ante
292 1882 374 1912 1539
399 1878 432 1904 et
460 1883 539 1913 1541
571 1879 681 1915 Ημιχ.,
707 1879 785 1905 ante
808 1883 888 1914 1549
909 1880 964 1906 Xo.
987 1875 1109 1906 habent
1129 1875 1226 1907 codd.
1245 1886 1252 1906 :
1284 1879 1380 1906 notas
1400 1875 1464 1906 del.

143 1917 337 1947 Kirchhoff:
370 1917 601 1956 paragraphos
635 1917 863 1956 apposuimus,
892 1918 952 1948 sed
981 1918 1194 1949 dubitanter:
1227 1918 1268 1949 cf.
1294 1919 1468 1958 stropham

145 1970 225 2000 1353
250 1970 348 2000 Βρεμι
384 1961 444 1991 sed
476 1961 516 1991 cf.
553 1961 655 1991 etiam
683 1964 707 1994 Σ
732 1961 773 1992 ad
806 1970 888 2000 1539
912 1961 1072 2003 μερίζεται
1096 1963 1157 2000 τὴν
1180 1963 1313 2002 γνώμην
1331 1965 1347 1994 ὁ
1371 1962 1468 2004 χορός

145 2014 227 2042 1539
252 2002 443 2044 ἀγγέλωμεν
461 2003 493 2033 Μ
509 2015 515 2035 :
542 2004 751 2045 ἀγγέλλομεν
771 2004 801 2034 V
915 2014 997 2043 1540
1021 2005 1139 2045 ἔχομεν
1155 2005 1183 2034 V
1196 2005 1221 2035 Ρ
1324 2006 1468 2046 ἀσφαλε-

142 2046 262 2088 στέραν
280 2047 312 2076 Μ
327 2046 353 2076 Β
368 2061 374 2078 ;
401 2056 486 2078 corr.
503 2047 521 2077 b
635 2057 713 2086 1541
741 2047 887 2087 δομοίτων
907 2048 939 2079 Μ
1059 2057 1139 2087 1544
1163 2050 1220 2080 τὰς
1232 2048 1263 2078 V
1352 2048 1464 2090 φόνου]

142 2090 238 2122 πόνου
256 2100 342 2121 recc-
361 2101 368 2121 :
390 2103 442 2131 γρ.
462 2090 559 2123 πόνου
576 2094 599 2124 Σ
616 2090 716 2121 Taur.
847 2100 928 2130 1545
953 2094 1098 2133 βροτοῖσι
1116 2092 1168 2121 vel
1186 2094 1352 2132 βροτοῖσιν
1369 2092 1464 2122 codd.

145 2135 228 2173 1546
252 2133 314 2165 ὅπα
329 2133 380 2164 V:
406 2134 483 2165 ὅπου
500 2144 520 2165 v
610 2133 688 2172 θέλη
708 2133 740 2163 Μ
752 2133 802 2164 V:
829 2134 914 2167 θέλει
933 2135 1006 2165 rell.
1138 2144 1218 2173 1547
1242 2134 1371 2176 μεγάλη
1387 2135 1418 2165 V
1434 2139 1468 2166 et

141 2187 306 2216 suprascr.
329 2176 356 2206 Β
488 2177 643 2218 &Atio-*roff
662 2177 804 2217 Seidler,
826 2177 865 2208 cf.
890 2179 993 2217 1363:
1017 2188 1136 2209 versus
1153 2179 1299 2208 nondum
1317 2178 1468 2217 expediti

145 2222 228 2259 1548
261 2220 350 2252 ἔπεσ’
376 2220 473 2253 ἔπεσε
501 2221 552 2252 B:
587 2221 703 2253 ἔπεσεν
729 2221 824 2253 ἔπεσε
851 2220 981 2253 MVP:
1016 2222 1150 2254 ἔπαισεν
1175 2222 1285 2253 ἔπαισε
1310 2220 1399 2251 AL:
1434 2225 1468 2252 et

142 2264 258 2295 ἔπεσεν
271 2269 304 2295 et
319 2263 450 2296 ἔπαισεν
463 2268 487 2298 Σ
581 2274 664 2303 1549
687 2264 805 2305 πέλας]
820 2265 916 2307 πάρος
929 2264 959 2295 V
974 2277 980 2295 z
1004 2279 1056 2305 γρ.
1072 2265 1152 2307 πέρα
1166 2265 1198 2295 Μ
1292 2274 1376 2303 1550
1399 2264 1464 2295 del.

142 2307 259 2338 Nauck
428 2317 505 2346 1551
536 2313 595 2340 Ηλ.
618 2318 765 2346 praescr.
785 2308 867 2348 Βῖρ,
887 2313 957 2338 tum
975 2309 1077 2348 <1‹l.p
1174 2311 1303 2350 κλεῖθρα
1321 2307 1392 2339 VA
1406 2307 1469 2338 LP

144 2360 225 2390 ¹553
250 2351 290 2382 σὺ
307 2361 372 2381 om.
393 2351 425 2381 M
561 2352 644 2389 1558
667 2352 777 2390 καινὴν
796 2351 822 2381 L
