1622 2740
657 112 1007 151 ΕΥΡΙΠΙΔΟΥ

267 215 417 268 δίωγμα
442 216 615 269 φεύγων,
644 218 677 257 εἰ
703 216 836 270 σαφὴς
862 216 974 259 οὗτος
997 217 1131 270 λόγος·

265 281 412 333 ζΕλένη
439 282 472 322 δ’
499 281 685 334 ἐκλήθην.
760 284 785 324 δι
811 285 852 324 δὲ
878 284 1131 335 πεπόνθαμεν
1157 285 1254 325 κακέι

265 348 421 401 λέγοιμ’
445 349 506 390 ἄν.
577 348 702 400 ἦλθον
725 353 830 402 τρεῖς
855 351 941 392 θεαὶ
967 350 1138 394 κάλλους
1162 350 1252 403 πέρι

266 414 410 456 Ἰδαῖον
434 416 475 458 ἐς
500 415 686 468 κευθμῶν’
712 416 977 469 Ἀλέξανδρον
1000 417 1116 470 πάρα,

258 480 372 534 ‘'Hpa
397 482 547 534 Κύπρις
571 499 613 524 τε
639 483 818 536 διογενής
842 501 885 525 τε
909 484 1115 536 παρθένος,
1454 497 1495 529 ²5

265 551 422 600 μορφῆς
453 548 646 590 θέλουσαι
671 550 986 602 διαπεράνασθαι
1012 552 1156 603 κρίσιν.

265 615 409 665 τούμὸν
435 618 477 655 δὲ
503 615 663 663 κάλλος,
691 618 725 657 εἶ
751 616 872 657 καλὸν
895 617 941 657 τὸ
965 617 1170 671 δυστυχές,

269 681 418 733 Κύπρις
443 683 673 733 προτείνασ’
700 683 750 724 ὡς
776 683 1039 735 Ἀλέξανδρος
1063 687 1193 736 γαμεῖ,

265 748 365 802 νικᾷ.
437 749 566 788 λιπὼν
590 750 632 788 δὲ
656 749 880 800 βούσταθμ’
905 749 1046 792 Ἰδαῖος
1069 749 1198 802 Πάρις

265 813 450 866 Σπάρτην
476 814 633 867 ἀφίκεθ’
660 815 710 857 ὡς
737 815 831 866 ε’μδν
857 815 1027 869 σχήσων
1051 815 1184 869 λέχος.
1457 829 1497 860 30

325 879 437 932 ‘'Hpa
462 883 504 921 δὲ
528 881 748 934 μεμφθεῖσ’
773 882 899 923 οὕνεκ’
925 882 970 923 οὐ
995 883 1084 938 νικᾷ
1108 882 1212 928 θεάς,

265 946 493 998 ἐξηνέμωσε
518 947 606 998 τᾶμ’
634 947 884 1003 Ἀλεξάνδρῳ
910 948 1024 1003 λέχη,

265 1014 403 1054 δίδωσι
429 1013 461 1053 δ’
487 1014 555 1055 οὐκ
581 1013 652 1065 ἔμ’,
680 1014 772 1055 ἀλλ’
797 1015 1016 1067 ὁμοιώσασ’
1042 1015 1129 1067 ἐμοὶ

266 1082 430 1121 εἴδωλον
456 1080 629 1130 ἔμπνουν
655 1080 820 1134 οὐρανοῦ
845 1081 1016 1133 ξυνθεῖσ’
1040 1081 1132 1129 ἄπο,

265 1146 448 1199 Πριάμου
472 1147 661 1199 τυράννου
688 1150 810 1190 παιδί·
839 1149 901 1189 καὶ
927 1151 1036 1190 δοκεῖ
1056 1149 1096 1200 μ’
1123 1149 1293 1202 ἔχειν-
1455 1162 1494 1194 35

265 1213 379 1264 κενὴν
405 1214 581 1264 δόκησιν,
609 1214 679 1255 οὐκ
704 1214 821 1268 ἔχων.
891 1217 940 1255 τὰ
965 1215 998 1256 δ’
1024 1215 1071 1256 αὖ
1096 1215 1194 1257 Διὸς

264 1280 505 1331 βουλεύματ’
532 1280 638 1321 ἄλλα
663 1285 799 1322 τοῖσδε
826 1282 1042 1333 συμβαίνει
1068 1285 1214 1325 κακοῖς·

263 1347 438 1398 πόλεμον
463 1348 538 1399 γὰρ
564 1346 796 1400 εἰσήνεγκεν
820 1347 1031 1399 Ἑλλήνων
1055 1349 1172 1402 χθονὶ

264 1414 326 1454 καὶ
351 1413 475 1465 Φρυξὶ
502 1414 771 1465 δυστήνοισιν,
800 1414 851 1457 ὡς
876 1417 1002 1468 ὄχλου
1026 1418 1183 1468 βροτῶν

264 1478 438 1530 πλήθους
463 1496 505 1520 τε
533 1481 738 1532 κουφίσειε
762 1481 912 1534 μητέρα
936 1482 1064 1535 χθόνα
1451 1497 1495 1527 40

263 1546 415 1598 γνωτόν
440 1563 482 1587 τε
508 1547 591 1597 θείη
616 1546 684 1588 τὸν
712 1547 922 1599 κράτιστον
947 1546 1158 1590 Ἑλλάδος.

264 1616 431 1665 Φρυγῶν
457 1612 489 1652 δ’
516 1614 556 1654 ἐς
582 1613 707 1664 ἀλκὴν
734 1613 951 1665 προυτέθην
977 1614 1055 1667 ἐγὼ
1080 1617 1153 1666 μὲν
1179 1614 1236 1661 οὔ,

263 1679 307 1718 τὸ
332 1678 363 1718 δ’
390 1681 513 1730 ὄνομα
538 1679 696 1730 τούμόν,
725 1681 849 1721 ἆθλον
868 1679 1075 1732 θἘλλησιν
1099 1682 1228 1733 δορός.

261 1746 402 1795 λαβὼν
428 1745 470 1786 δέ
494 1745 534 1796 μ’
558 1745 705 1798 Ἑρμῆς
730 1748 773 1787 ἐν
798 1751 1012 1800 πτυχαῖσιν
1037 1746 1191 1800 αἰθέρος

262 1811 413 1868 νεφέλῃ
440 1811 731 1865 καλύψας-οὐ
756 1815 831 1865 γὰρ
856 1812 1037 1864 ἠμέλησέ
1061 1830 1136 1865 μου
1453 1826 1495 1857 45

264 1878 526 1920 Ζεύς-τόνδ’
553 1880 594 1921 ἐς
619 1878 726 1919 οἶκον
752 1879 951 1931 Πρωτέως
977 1880 1177 1933 ἱδρύσατο,

262 1943 420 1985 πάντων
445 1945 655 1997 προκρίνας
682 1945 1021 1999 σωφρονέστατον
1045 1949 1213 1999 βροτῶν,

263 2010 445 2062 ἀκέραιον
471 2011 522 2053 ὡς
549 2009 724 2067 σῴσαιμι
749 2012 940 2068 Μενέλεῳ
967 2012 1100 2067 λέχος.

265 2077 370 2128 κάγὼ
394 2079 466 2127 μὲν
493 2077 622 2118 ἐνθάδ’
648 2077 737 2130 εἴμ’,
766 2079 786 2118 ὁ
811 2079 844 2119 δ’
870 2079 1007 2122 ἄθλιος
1031 2080 1150 2122 πόσις

264 2142 473 2194 στράτευμ’
504 2145 695 2196 ἀθροίσας
719 2147 789 2188 τὰς
815 2147 910 2197 ε’μᾶς
934 2147 1164 2198 ἀναρπαγὰς
1454 2159 1496 2190 50

207 2236 249 2264 26
275 2235 403 2267 θέλουσι
423 2236 578 2275 primitus
599 2237 625 2267 L
714 2237 756 2267 28
780 2237 964 2278 προτείνασ’
982 2251 1002 2269 τ
1019 2248 1062 2268 ex
1080 2250 1101 2270 σ
1120 2237 1207 2268 sacto
1225 2237 1252 2268 P
1340 2248 1381 2276 34
1406 2239 1494 2278 οὐρα-

166 2277 234 2317 νοῦ]
253 2278 293 2308 cf.
314 2279 387 2317 584,
410 2278 489 2310 Bac.
509 2289 582 2318 293,
606 2280 695 2309 unde
719 2279 839 2320 αἰθέρος
863 2280 1044 2311 Wecklein
1112 2282 1172 2313 ἄπο
1191 2281 1339 2311 Reiske:
1357 2282 1417 2312 ὕπο
1437 2280 1496 2310 LP

165 2329 206 2358 35
231 2320 373 2361 τυράννῳ
393 2321 580 2361 Hermann,
609 2322 649 2352 cl.
676 2322 749 2353 Alc.
773 2332 857 2361 1150
945 2333 987 2362 42
1011 2323 1189 2365 προυθέμην
1206 2329 1242 2354 ut
1259 2323 1390 2354 videtur
1408 2323 1433 2352 L
1449 2322 1493 2353 P:

166 2373 249 2393 corr.
267 2363 449 2403 Musgrave
539 2366 581 2403 48
604 2364 746 2404 μενέλεω
765 2365 791 2395 L
804 2365 830 2395 P
