1658 2740
609 133 956 171 ΕΥΡΙΠΙΔΟΥ

219 233 320 285 δεῦρ’
344 234 461 275 οἶδεν·
500 234 529 275 ὦ
555 236 758 286 δύστηνος,
788 237 838 278 ὡς
865 237 1094 288 ἀπωλόμην.

218 301 362 351 Τροίας
387 302 429 341 δὲ
456 302 598 344 σωθεὶς
623 302 723 343 κάπὸ
750 305 962 355 βαρβάρου
987 303 1131 356 χθονὸς

220 367 259 407 ἐς
281 366 457 419 βάρβαρ’
483 369 611 410 ἐλθὼν
639 369 817 422 φάσγαν’
842 371 953 411 αὖθις
980 371 1146 426 ἐμπεσῇ.

118 456 335 485 OEONOH

217 527 314 579 ἡγοῦ
339 528 391 567 σύ
413 544 481 579 μοι
507 528 687 581 φέρουσα
710 529 951 583 λαμπτήρων
977 530 1100 572 σέλας
1379 534 1442 574 865

217 594 323 634 θεῖόν
348 611 403 640 τε,
431 598 578 646 σεμνοῦ
603 596 752 647 θεσμὸν
778 596 944 649 αἰθέρος,
971 601 1119 650 μυχῶν,

218 661 269 702 ὡς
293 663 446 712 πνεῦμα
472 661 640 714 καθαρὸν
667 663 831 714 οὐρανοῦ
856 662 1068 714 δεξώμεθα·

218 727 268 766 σὺ
294 727 326 766 δ’
352 728 398 768 αὖ
426 727 613 768 κέλευθον
641 730 678 769 εἴ
699 746 758 770 τις
783 729 972 782 ἔβλαψεν
996 730 1086 770 ποδὶ

217 794 392 843 στείβων
418 794 579 848 ἀνοσίῳ,
608 794 672 836 δὸς
699 797 899 849 καθαρσίῳ
927 797 1064 847 φλογί,

219 862 385 910 κροῦσον
411 862 451 900 δὲ
475 860 635 911 πεύκην,
666 862 728 901 ἰ’να
753 860 955 912 διεξέλθω,
982 863 1114 914 πυρός.
1381 869 1443 906 870

214 926 334 976 νόμον
360 928 401 966 δὲ
426 926 495 966 τὸν
521 927 614 977 ἐμὸν
641 930 791 968 θεοῖσιν
817 928 1034 968 ἀποδοῦσαι
1059 928 1181 969 πάλιν

214 992 403 1044 ἐφέστιον
430 992 551 1046 φλόγ’
577 995 616 1035 ἐς
643 994 786 1045 δόμους
812 995 1000 1046 κομίζετε.

279 1058 438 1110 Ἑλένη,
465 1061 506 1100 τί
527 1061 773 1111 τάμὰ--πῶς
798 1061 1217 1115 ἔχει-θεσπίσματας

213 1125 298 1175 ἥκει
317 1126 435 1168 πόσις
461 1143 526 1167 σοι
552 1126 767 1169 Μενέλεως
792 1127 848 1168 ὅδ’
874 1127 1066 1180 ἐμφανής,

211 1195 310 1232 νεῶν
335 1193 540 1243 στερηθεὶς
564 1197 632 1234 τοῦ
656 1211 698 1235 τε
725 1197 798 1234 σοῦ
821 1194 1053 1246 μιμήματος.
1380 1201 1440 1240 875

279 1256 308 1298 ὦ
332 1262 496 1310 τλῆμον,
523 1260 626 1302 οἵους
651 1261 857 1313 διαφυγὼν
883 1261 999 1312 ἦλθες
1023 1261 1179 1308 πόνους,

212 1324 292 1365 οὐδ’
319 1325 438 1366 οἶσθα
463 1327 609 1367 νόστον
634 1327 756 1367 οἴκαδ’
784 1326 853 1368 εἴτ’
878 1327 994 1369 αὐτοῦ
1018 1332 1161 1378 μενεῖς·

211 1391 289 1443 ἔρις
314 1394 388 1444 γὰρ
413 1394 456 1433 ἐν
481 1395 584 1435 θεοῖς
610 1394 812 1445 σύλλογός
838 1411 880 1435 τε
905 1398 979 1434 σοῦ
1003 1394 1090 1446 πέρι

211 1457 326 1498 ἔσται
350 1458 541 1512 πάρεδρος
568 1461 664 1510 Ζηνὶ
692 1459 782 1515 τῷδ’
809 1462 850 1501 ἐν
875 1460 1005 1511 ἤματι.

206 1522 318 1576 Ἵ-Ιρα
340 1525 424 1575 μέν,
451 1526 476 1576 ἥ
503 1543 568 1566 σοι
596 1526 792 1577 δυσμενὴς
817 1526 1004 1580 πάροιθεν
1032 1527 1093 1578 ἦν,
1382 1533 1442 1564 880

211 1594 279 1631 νῦν
303 1592 413 1632 ἐστιν
439 1592 572 1635 εὔνους
599 1593 667 1634 κάς
692 1592 846 1645 πάτραν
871 1597 1002 1648 σῷσαι
1029 1593 1136 1635 θέλει

211 1656 281 1707 ξὺν
304 1657 399 1714 τῇδ’,
427 1658 476 1698 ἵν’
501 1657 653 1701 Ἑλλὰς
681 1659 771 1701 τοὺς
796 1659 1061 1713 Ἀλεξάνδρου
1085 1660 1245 1713 γάμους,

211 1723 370 1775 δώρημα
396 1724 602 1777 Κύπριδος,
629 1727 1000 1778 ψευδονυμφεύτους
1023 1727 1142 1783 μάθῃ·

210 1790 360 1841 Κύπρις
384 1793 426 1831 δὲ
450 1792 596 1832 νόστον
623 1791 695 1833 σὸν
721 1795 945 1846 διαφθεῖραι
972 1793 1092 1839 θέλει,

210 1856 260 1897 ὡς
283 1856 335 1907 μὴ
361 1856 572 1916 ’ξελεγχθῄ
595 1861 693 1910 μηδὲ
718 1860 910 1912 πριαμένη
937 1866 1045 1917 φανῇ
1380 1865 1439 1904 385

152 1948 215 1978 862
233 1947 317 1981 οἶδεν
335 1949 381 1981 L:
407 1950 506 1988 ἦλθεν
524 1952 550 1982 Ρ
727 1954 790 1991 864
815 1953 957 1994 φάσγαν’
978 1952 1061 1985 αὖθις
1081 1952 1106 1983 L
1122 1964 1128 1984 :
1153 1951 1288 1994 βάρβαρ’
1311 1952 1396 1986 αὖθις
1414 1953 1441 1983 Ρ

110 1992 172 2020 366
188 1992 304 2032 Oeloup
377 2007 413 2026 τε
426 1995 545 2034 scrip9i
562 2007 569 2026 ε
595 1995 630 2028 δὲ
646 1997 670 2026 L
684 1995 710 2026 P
726 2008 732 2026 :
749 1996 850 2026 lectio
863 1996 992 2027 incerta
1075 1998 1118 2028 εἷς
1135 1996 1279 2036 σεμνοῦῐ
1358 1996 1441 2028 θείου

109 2034 143 2065 δὲ
161 2036 278 2073 σεμνὸν
299 2038 416 2076 θεσμὸν
436 2038 554 2080 αἰθέρος
573 2039 694 2079 μυχούς
711 2039 914 2072 Wecklein:
941 2042 1058 2080 σεμνοῦ
1082 2049 1144 2080 pro
1162 2039 1297 2078 σέμνυνε
1316 2039 1440 2079 accipit

110 2077 339 2109 VVilamowitz
354 2091 360 2112 :
387 2084 470 2113 θεῖον
488 2082 656 2122 σύμβολον
673 2082 794 2124 αἰθέρος
811 2084 863 2115 διὰ
878 2085 915 2115 τὸ
932 2084 1017 2124 ταχὺ
1035 2083 1172 2124 ἐξάπτον
1187 2083 1268 2113 dicit
1287 2083 1326 2113 L2
1342 2083 1439 2113 scho-

110 2120 178 2150 lion
196 2122 345 2153 scribens
473 2125 535 2163 867
562 2125 728 2166 δεξαίμεθα
746 2126 772 2156 L
785 2125 810 2156 P
827 2138 834 2157 :
853 2136 937 2157 corr.
952 2125 1114 2157 Schaefer
1237 2127 1301 2165 870
1324 2124 1438 2168 πυρός]

110 2163 205 2205 πάρος
231 2165 356 2197 Reiske
503 2169 564 2207 871
591 2168 688 2200 πόνον
712 2169 746 2200 δὲ
772 2169 903 2209 νόμιμον
928 2169 1113 2200 Kirchhoff
1257 2170 1320 2208 875
1343 2168 1438 2209 μιμή-

109 2220 207 2245 ματος
236 2209 451 2248 Stephanus:
486 2212 666 2251 τιμήματος
700 2211 764 2242 LP
940 2213 1004 2250 878
1038 2215 1116 2244 θεοῖς
1150 2211 1300 2243 Barnes:
1340 2214 1437 2244 θεοῖσι

112 2249 208 2281 L2P:
246 2255 327 2284 θεοῖς
343 2267 381 2285 τε
406 2258 442 2284 ut
470 2255 602 2285 videtur
629 2255 655 2285 L
819 2256 880 2285 881
918 2257 980 2288 κείς
1008 2254 1074 2286 LP
1234 2256 1297 2294 883
1327 2258 1437 2296 ψευδο-

110 2293 288 2334 νυμφεύτου
316 2295 401 2327 LP:
427 2297 544 2329 corr.l
673 2299 737 2336 885
760 2299 803 2337 μὴ
836 2297 1009 2340 ’ξελέγχθῃ
1038 2298 1143 2331 Ludv.
1170 2298 1332 2330 Dindorf:
1359 2298 1435 2337 μήτ’

111 2339 258 2377 ἐλεγχθῆ
279 2338 303 2368 L
316 2338 342 2368 P
