1658 2740
667 127 889 165 ΒΛΚΧΑΙ

286 253 350 258 —
551 231 572 270 ὁ
597 232 745 281 δαίμων
771 231 792 269 ὁ
820 229 916 271 Διὸς
941 233 1031 271 παῖς
1339 226 1439 282 [ἀντ.

551 298 682 350 χαίρει
705 299 777 347 μὲν
802 297 1020 345 θαλίαισιν,

485 367 600 416 φιλεῖ
622 362 654 403 δ’
681 363 966 414 ὀλβοδότειραν
993 363 1059 402 Εἰ-

550 429 682 482 ρήναν,
711 427 978 482 κουροτρόφον
1003 428 1109 469 θεάν.
1377 444 1442 474 420

485 499 576 538 ἴσαν
602 495 634 536 δ’
661 495 700 537 ἔς
725 513 767 536 τε
792 498 860 535 τὸν
886 497 1029 546 ὄλβιοι)

484 562 552 604 τόν
576 579 618 603 τε
643 563 802 615 χείρονα
828 561 918 602 δῶκ’
943 563 1051 615 ἔχειν

553 630 661 669 οἴνου
685 628 827 680 τέρψιν
853 628 1018 669 ἄλυπον·

483 700 595 746 μισεῖ
618 695 650 736 δ’
675 694 703 750 ᾧ
721 695 774 745 μὴ
799 698 919 735 ταῦτα
943 695 1068 746 μέλει,

490 765 586 802 κατὰ
611 762 714 815 φάος
739 762 880 804 νύκτας
905 779 947 802 τε
973 764 1095 814 φίλας
1380 776 1445 807 425

561 829 727 869 εὐαίωνα
752 825 899 879 διαζῆν,

489 897 622 948 σοφὰν
648 895 680 934 δ’
706 894 872 948 ἀπέχειν
898 896 1071 947 πραπίδα
1096 896 1221 948 φρένα
1245 914 1287 937 τε

554 965 759 1014 περισσῶν
786 963 890 1014 παρὰ
917 966 1073 1014 φωτῶν·

690 1031 732 1067 τὸ
759 1030 912 1078 πλῆθος
937 1029 960 1067 ὅ
982 1046 1019 1068 τι
1384 1043 1449 1073 430

489 1094 534 1135 τὸ
559 1092 808 1147 φαυλότερον
838 1092 996 1145 ἐνόμισε
1021 1097 1117 1148 χρῆ-

556 1162 624 1202 ταί
645 1177 699 1208 τε,
726 1158 806 1201 τόδ’
831 1159 879 1202 ἂν
905 1163 1108 1215 δεχοίμαν.

121 1234 368 1265 ΘΕΡΑΠΩΝ

222 1297 390 1342 Πενθεῦ,
419 1294 623 1348 πάρεσμεν
647 1292 754 1345 τήνδ’
781 1294 906 1347 ἄγραν
930 1293 1163 1347 ἠγρευκότες

222 1361 287 1414 ἐφ’
312 1360 360 1412 ἣν
385 1360 583 1414 ἔπεμψας,
612 1360 694 1402 οὐδ’
722 1360 883 1414 ἄκρανθ’
911 1361 1162 1414 ὡρμήσαμεν.
1388 1375 1450 1406 435

222 1429 243 1468 ὁ
269 1427 341 1480 θὴρ
365 1427 398 1468 δ’
424 1427 480 1468 ὅδ’
505 1428 598 1479 ἡμῖν
624 1430 747 1480 πρᾶος
774 1427 854 1468 οὐδ’
878 1427 1112 1469 ὑπέσπασεν

163 1539 167 1547 ‚
224 1499 333 1552 φυγῇ
357 1492 458 1541 πόδ’,
486 1494 578 1536 ἀλλ’
605 1494 751 1536 ἔδωκεν
778 1494 847 1535 οὐκ
872 1494 978 1535 ἄκων
1002 1494 1123 1549 χέρας

223 1561 303 1603 οὐδ’
331 1559 471 1615 ὠχρός,
499 1560 712 1608 οὐδ’,ἴλλα
739 1579 781 1602 εν
809 1561 979 1603 οἰνωπὸν
1031 1561 1132 1617 ε’νυνέ

223 1631 354 1680 γελῶν
379 1630 421 1669 δὲ
445 1627 509 1669 καὶ
535 1631 617 1669 δεῖν
644 1627 838 1681 κάπάγειν
862 1619 1000 1680 εφίετο

225 1693 339 1746 ἔμενέ
364 1711 418 1740 τε,
447 1694 590 1746 τούμὸν
617 1693 802 1752 εὐτρεπὲς
826 1694 1070 1753 ποιοιξμσεανὲ.
1166 1688 1185 1702 ”
1389 1709 1455 1739 440

226 1761 332 1813 κάγὼ
357 1760 406 1802 δι’
432 1756 562 1803 αἰδοῦς
586 1759 710 1802 εἶπον·
747 1759 806 1800 ”Ὠ
831 1759 923 1810 ξέν’,
950 1760 1023 1814 οὐχ
1048 1762 1147 1802 ἑκὼν

225 1827 308 1880 ἄγω
334 1844 395 1874 σε,
424 1826 608 1869 Πενθέως
632 1826 664 1867 δ’
690 1827 732 1870 ὅς
750 1827 790 1879 μ’
819 1826 966 1879 ἔπεμψ’
992 1828 1236 1869 ἐπιστολαῖς.

291 1894 338 1937 ἃς
363 1894 397 1935 δ’
422 1894 470 1934 αῧ
497 1894 547 1934 σὺ
572 1893 732 1948 βάκχας
758 1893 898 1947 εἷρξας,
926 1894 971 1936 ἃς
997 1893 1255 1946 συνήρπασας

226 1960 401 2012 κᾶδησας
427 1962 468 2001 ἐν
494 1964 680 2012 δεσμοῖσι
707 1959 911 2011 πανδήμου
937 1960 1096 2013 στέγης,

226 2028 398 2080 φροῦδαί
418 2027 455 2080 γ’
480 2028 627 2069 ἐκεῖναι
651 2026 866 2079 λελυμέναι
893 2027 990 2080 πρὸς
1016 2027 1187 2081 ὀργάδας
1389 2041 1455 2072 445

169 2129 234 2160 419
258 2119 384 2162 εἰρήνην
400 2119 428 2150 Ρ
560 2130 622 2159 421
648 2123 722 2152 ἴσαν
739 2120 771 2151 l:
796 2123 852 2153 ἴσα
869 2120 895 2150 L
908 2119 935 2150 P
1064 2131 1126 2160 427
1147 2122 1247 2162 ἄπεχε
1267 2120 1454 2161 Hermann,

127 2163 166 2194 cf.
189 2173 254 2202 412
417 2164 557 2205 πραπίδα
574 2164 600 2194 L
615 2175 621 2194 :
650 2162 718 2204 παρ’
738 2163 856 2196 ἀσπίδα
875 2163 901 2194 Ρ
1069 2175 1134 2204 430
1159 2166 1175 2196 ὅ
1191 2179 1222 2197 τι
1239 2166 1278 2197 τὸ
1296 2165 1434 2196 Brunck
1449 2176 1455 2196 ε

126 2207 176 2239 ὅτι
192 2220 231 2238 τε
250 2206 300 2247 (τε
316 2207 351 2236 ἰη
368 2208 450 2247 ras.)
469 2206 499 2238 l:
525 2208 574 2239 ὅτι
591 2220 650 2248 περ
669 2206 695 2237 Ρ
711 2212 744 2238 et
762 2206 905 2238 sortasse
924 2207 950 2237 L
1062 2218 1123 2247 431
1150 2222 1198 2248 τε,
1217 2207 1284 2240 τόδ’
1302 2210 1340 2241 ἂν
1353 2209 1458 2249 δεχοί-

125 2263 189 2290 μαν
209 2249 406 2281 Kirchhoff:
433 2264 470 2282 τε
494 2249 568 2282 τόδε
594 2263 644 2282 τοι
669 2249 796 2291 λέγοιμ’
818 2251 857 2282 ἂν
884 2250 929 2282 L:
955 2250 985 2283 τ’
1005 2253 1038 2283 ἐν
1060 2255 1142 2292 τῷδε
1166 2252 1326 2294 >xe-yolum!
1351 2253 1388 2284 ἅν
1411 2251 1457 2284 P:

126 2293 230 2324 totius
246 2304 277 2324 v.
297 2292 397 2324 lectio
415 2293 514 2324 dubia
633 2295 697 2332 438
721 2295 778 2326 οὐκ
795 2293 899 2336 ὠχρός
918 2294 1100 2326 Kirchhoff
1216 2306 1279 2334 440
1305 2295 1458 2337 εὐπρεπὲς

129 2336 213 2368 LP:
239 2347 324 2368 corr.
345 2336 490 2368 Canter:
518 2336 650 2370 εὐπετὲς
675 2336 794 2368 Nauck
1020 2348 1085 2377 442
1111 2339 1174 2380 ἐγώ
1201 2353 1240 2371 σε
1267 2345 1298 2370 et
1319 2339 1459 2381 ἔπεμψεν

130 2379 157 2409 Ρ
287 2390 349 2419 443
374 2380 502 2421 βάχκας
520 2380 547 2410 L

155 2492 176 2502 ..r
