1658 2740
601 111 946 150 ΕΎῬΙΠΙΔΟὙ

208 216 339 270 ῥήξεις
365 216 398 257 τ’
425 216 586 268 ἐνώμων
609 216 792 270 ὑγρότητ’
820 218 1003 258 ἐναντίαν

209 284 331 336 ἄκραν
356 300 398 325 τε
422 283 610 335 λαμπάδ’,
636 282 660 335 ἣ
687 286 795 325 δυοῖν
820 285 933 336 ὅρους
957 284 1055 338 ἔχει,

209 351 317 401 νίκης
341 367 383 392 τε
409 353 519 402 σῆμα
544 351 607 392 καὶ
631 353 676 391 τὸ
702 354 780 392 τῶν
804 350 1066 402 ἡσσωμένων.

274 416 380 464 ἀλλ’,
408 418 445 458 εἴ
466 417 539 458 τιν’
565 417 690 468 ἀλκὴν
716 414 739 468 ἦ
765 417 920 470 σοφοὺς
944 417 1050 472 ἔχεις
1076 418 1219 472 λόγους

207 480 232 534 ἢ
259 483 393 536 φίλτρ’
419 485 592 539 ἐπῳδῶν,
621 483 764 538 στεῖχ’,
792 483 983 536 ἐρήτυσον
1007 483 1126 526 τέκνα
1353 488 1435 520 1260

211 553 340 600 ὃεινῆς
366 551 550 602 ἁμίλλης·
589 551 640 594 ὡς
666 552 686 591 ὁ
713 552 890 593 κίνδυνος
914 550 1052 604 μέγας·

212 617 396 657 κᾶπαθλα
421 619 529 658 δεινὰ
555 617 700 669 δάκρυά
725 635 792 659 σοι
817 616 1031 670 γενήσεται

212 687 370 724 δισσοῖν
396 685 584 740 στερείσῃ
609 684 692 741 τῇδ’
718 686 761 725 ἐν
785 684 911 739 ἡμέρᾳ
937 684 1103 725 τέκνοιν.

116 754 169 789 Ιο.
207 748 237 790 ὦ
262 750 398 791 τέκνον
423 749 552 800 ἔξελθ’
577 750 786 803 Ἀντιγόνη
812 751 942 801 δόμων
968 750 1104 803 πάρος·

210 817 278 856 οὐκ
306 819 348 857 ἐν
372 818 547 870 χορείαις
572 817 660 858 οὐδὲ
686 817 979 869 παρθενεύμασι
1358 819 1437 859 ¹265

210 887 280 924 νῦν
305 901 371 924 σοι
396 887 598 937 προχωρεῖ
620 884 816 935 δαιμόνων
842 882 1099 930 κατάστασις,

211 950 303 991 ἀλλ’
328 950 434 1002 ἄνδρ’
459 951 611 1002 ἀρίστω
639 951 701 992 καὶ
726 949 952 1003 κασιγνήτω
978 950 1096 992 σέθεν

214 1018 254 1059 ἐς
278 1016 448 1058 θάνατον
474 1017 677 1059 ἐκνεύοντε
706 1018 888 1059 κωλῦσαί
909 1035 957 1059 σε
983 1019 1045 1058 δεῖ

212 1083 281 1135 ξὺν
304 1084 420 1136 μητρὶ
445 1089 493 1142 τῇ
518 1090 571 1142 σῇ
595 1084 647 1136 μὴ
674 1084 771 1136 πρὸς
797 1084 995 1136 ἀλλήλοιν
1021 1085 1169 1126 θανεῖν.

114 1183 183 1221 Αν.
211 1178 296 1226 τίν’,
325 1177 354 1220 ὦ
379 1182 549 1219 τεκοῦσα
571 1181 708 1231 μῆτερ,
735 1178 925 1230 ἔκπληξιν
954 1178 1048 1220 νέαν
1356 1189 1441 1221 1270

213 1247 346 1298 φίλοις
371 1246 500 1288 ἀυτεῖς
524 1248 647 1287 τῶνδε
673 1244 860 1297 δωμάτων
884 1245 1026 1298 πάρος,·

117 1317 174 1354 Ιο.
212 1311 242 1353 ὦ
268 1314 448 1366 θύγατερ,
475 1313 578 1365 ἔρρει
604 1316 688 1353 σῶν
712 1312 963 1366 κασιγνήτων
987 1314 1090 1364 βίος.

116 1384 184 1421 Αν.
212 1383 293 1422 πῶς
320 1379 450 1427 εῖπας,”
594 1383 645 1420 Ιο.
721 1379 868 1433 αἰχμὴν
894 1381 934 1422 ἐς
957 1380 1052 1432 μίαν
1078 1378 1337 1420 καθέστατον.

230 1446 245 1460 *X
272 1445 281 1460 5
328 1447 337 1460 V
410 1446 422 1461 Ι
481 1445 490 1460 Ι
643 1448 661 1458 Α
1048 1446 1058 1460 '
1126 1447 1137 1460 Ι
1162 1445 1172 1460 5
1221 1447 1231 1460 ἢ
1295 1445 1304 1459 ’
1335 1445 1351 1461 tl

116 1450 185 1487 Αν.
210 1464 246 1487 οι
284 1464 353 1499 γω,
381 1464 418 1487 τι
441 1444 583 1496 λεξεις,
609 1463 750 1499 μητερ;
890 1450 943 1487 Io.
1017 1463 1062 1486 ου
1087 1451 1185 1498 φιλ,
1213 1451 1292 1487 αλλ
1331 1461 1438 1486 επου.

116 1517 185 1554 Αν.
213 1517 290 1560 ποῖ,
312 1516 564 1566 παρθενῶνας
584 1513 811 1561 ἐκλιποῦσ’,·
918 1517 971 1554 Io.
1032 1514 1107 1554 ἀνὰ
1128 1513 1315 1565 στρατόν.
1358 1524 1439 1556 1275

115 1584 185 1621 Av.
213 1580 409 1631 αἰδούμεθ’
435 1582 572 1633 ὄχλον.
714 1584 767 1621 Ιο.
839 1580 907 1621 οὐκ
933 1581 974 1621 ἐν
999 1579 1172 1636 αἰσχύνῃ
1199 1581 1247 1619 τὰ
1273 1578 1338 1620 σά.

116 1651 185 1688 Αν.
212 1646 344 1700 δράσω
371 1649 412 1687 δὲ
438 1647 484 1698 δὴ
510 1649 566 1694 τί,·
708 1651 761 1688 lo.
833 1648 1042 1700 συγγόνων
1068 1647 1205 1688 λύσεις
1232 1646 1327 1698 ἔριν.

118 1718 186 1755 Αν.
212 1714 253 1754 τί
274 1717 420 1766 δρῶσα,
447 1716 588 1766 μῆτερ;
729 1717 782 1754 Io.
853 1712 1142 1766 προσπίτνουσ’
1169 1714 1263 1764 ἐμοῦ
1287 1712 1398 1764 μέτα.

115 1784 186 1821 Αν.
212 1781 310 1833 ἡγοῦ
337 1780 386 1821 σὺ
411 1781 507 1833 πρὸς
530 1781 742 1834 μεταίχμι’·
780 1780 826 1821 οὐ
849 1779 1085 1832 μελλητέον.

120 1852 170 1888 Io.
209 1847 332 1900 ἔπειγ’
358 1848 503 1900 ἔπειγε,
533 1849 713 1901 θύγατερ·
752 1847 815 1894 ὡς,
842 1844 890 1898 ἢν
914 1850 986 1899 μὲν
1014 1846 1160 1900 φθάσω
1360 1851 1442 1881 1280

215 1917 356 1956 παῖδας
379 1914 454 1966 πρὸ
478 1915 644 1969 λόγχης,
671 1914 789 1966 οὑμὸς
814 1916 857 1956 ἐν
882 1914 977 1968 φάει
1001 1916 1106 1966 βίος·

217 1985 378 2022 θανοῦσι
402 1981 435 2022 δ’
461 1981 591 2024 αὐτοῖς
617 1985 869 2023 συνθανοῦσα
896 1983 1088 2033 κείσομαι.

160 2072 241 2110 1258
265 2070 318 2111 τὸ]
336 2072 378 2103 τὰ
396 2070 421 2101 Ρ
558 2071 635 2101 1261
663 2073 679 2102 ὁ
695 2081 760 2101 om.
782 2070 813 2100 M
834 2081 840 2101 :
865 2070 941 2100 add.
964 2068 1012 2099 Μ2
1158 2070 1350 2108 1262-1263
1374 2068 1437 2099 del.

116 2115 327 2145 Valckenaer
418 2115 498 2145 1262
524 2116 671 2146 κᾶπαθλα
689 2113 811 2153 legisse
829 2118 852 2146 Σ
874 2113 1027 2152 (ἔπαθλον
1043 2113 1105 2153 γὰρ
1124 2112 1221 2154 ἑτέρῳ
1240 2114 1331 2144 ἔσται
1349 2113 1368 2151 ἡ
1384 2114 1442 2144 τοῦ

117 2158 225 2200 ἑτέρου
238 2158 393 2198 ἀπωλεία)
409 2158 489 2189 vidit
506 2159 629 2189 Porson
647 2169 654 2189 z
678 2158 719 2188 cf.
732 2167 773 2196 52
791 2168 797 2187 :
819 2157 868 2188 καὶ
883 2156 988 2189 τᾶθλα
1000 2156 1097 2187 codd.
1192 2157 1273 2195 1263
1297 2156 1440 2197 στερήσῃ

116 2203 213 2233 codd.
232 2207 265 2232 et
282 2207 305 2235 Σ
320 2201 364 2242 Μ,
381 2213 446 2242 quo
465 2208 603 2242 recepto
622 2203 649 2233 εἰ
666 2203 737 2233 σοῖν
749 2200 958 2231 Valckenaer
1077 2201 1158 2238 1264
1183 2199 1279 2241 πάρος
1297 2199 1400 2239 δόμων
1415 2199 1440 2229 L

120 2247 200 2284 1265
226 2245 297 2277 οὐδὲ
316 2246 360 2277 F:
387 2246 451 2278 οὐδ’
471 2250 504 2278 ἐν
521 2246 617 2277 codd.
735 2245 818 2275 1266
842 2245 860 2282 ἡ
879 2247 936 2281 τῆς
955 2243 1140 2285 εἱμαρμένης
1157 2243 1313 2285 παρουσία
1331 2243 1441 2273 reddit

118 2294 150 2329 Σ,
171 2290 257 2319 unde
275 2290 420 2329 δαίμονος
441 2290 615 2320 Hermann
724 2289 804 2318 1268
829 2301 865 2320 σε
884 2298 948 2318 om.
972 2287 1003 2317 M
1114 2297 1194 2325 1274
1219 2287 1248 2318 οἲ
1265 2287 1322 2327 ’γὼ
1341 2285 1389 2316 P:
1414 2286 1444 2318 οἳ

119 2333 188 2374 (vel
206 2333 247 2372 οἳ)
269 2334 332 2374 ἐγὼ
350 2334 421 2363 rell.
541 2336 643 2374 μᾶτερ
659 2333 688 2362 V
701 2333 727 2362 P
851 2341 931 2370 1275
956 2333 998 2369 πῆ
1018 2330 1043 2360 L
1159 2339 1238 2369 1277
1264 2330 1348 2368 δήτι
1366 2329 1397 2358 Α
1415 2329 1441 2359 Β

120 2387 200 2416 1279
217 2377 369 2416 μεταίχμ’
390 2377 420 2406 Μ
513 2375 674 2415 μελητέον
686 2376 716 2406 V
730 2377 754 2406 L
768 2376 811 2405 P:
832 2385 917 2405 corr.
931 2375 943 2405 l
1034 2376 1117 2404 1280
1141 2375 1179 2411 ἤν
1191 2387 1231 2414 ’γε
1246 2374 1275 2403 Α
1365 2377 1439 2411 post

122 2422 199 2451 1281
219 2432 248 2451 v.
269 2422 333 2458 976
357 2422 396 2458 ἣν
420 2420 445 2451 δ’
472 2420 662 2461 ὑστερήσῃς,
690 2419 876 2460 οἰχόμεσθα,
905 2420 1045 2459 κατθανῇ
1071 2417 1194 2447 habent
1221 2417 1251 2447 M
1268 2415 1378 2445 ABV
1392 2415 1416 2445 L
1435 2426 1441 2444 t

117 2474 181 2495 om.
203 2464 228 2494 P
245 2469 276 2493 ct
295 2463 324 2492 O
345 2476 350 2493 :
386 2466 418 2494 ἐν
437 2466 572 2495 πολλοῖς
590 2465 623 2494 οὺ
642 2462 770 2503 φέρεται
790 2467 812 2494 Σ
828 2462 871 2491 Βῑ
898 2462 996 2492 eiecit
1014 2461 1152 2491 Grotius
