1658 2740
398 111 723 150 1‹1›1FENE1A
778 113 813 150 H
866 113 943 150 EN
993 114 1207 152 ΑΎᾹΙΔῙ

139 217 213 256 Κλ.
241 214 314 268 οὐχ
338 214 404 255 ὧδ’
432 215 623 258 ἀσύνετός
649 217 739 267 εἰμι,
768 216 982 257 πείσεσθαι
1008 216 1049 258 δέ
1073 235 1120 268 με

238 281 381 332 καύτὴν
406 283 512 323 δόκει
536 281 633 328 τάδ’,
662 283 768 324 ὥστε
791 282 843 335 μή
871 300 919 324 σε
944 287 1155 332 νουθετεῖν,

235 349 328 389 ὅταν
355 348 429 389 σὺν
453 350 699 400 ὑμεναίοισιν
726 347 855 401 ἐξάγω
883 350 1015 403 κόρην·

234 415 326 456 ἀλλ’
352 416 371 455 6
397 417 515 467 νόμος
541 415 637 456 αὐτὰ
663 419 715 471 τῷ
742 416 872 471 χρόνῳ
900 421 1147 471 συνισχανεῖ.

234 483 405 534 τοῦνομα
428 485 500 534 μὲν
525 482 592 523 οὖν
619 483 726 524 παῖδ’
754 482 826 523 οἶδ’
852 484 926 538 ὅτῳ
955 483 1184 541 κατῄνεσας,
1393 491 1456 533 695

231 548 370 602 γένους
395 548 428 589 δ’
453 550 590 590 ὁποίου
615 549 815 604 χὼπόθεν,
842 552 983 601 μαθεῖν
1008 550 1124 592 θέλω.

133 619 205 668 Αγ.
236 618 378 668 Αἴγινα
403 614 573 668 θυγάτηρ
599 616 748 669 ἐγένετ’
774 617 962 657 Ἀσωποῦ
985 619 1142 670 πατρός.

131 685 205 722 Κλ.
234 683 376 733 ταύτην
402 685 443 723 δὲ
469 685 620 733 θνητῶν
647 680 670 734 ἢ
699 686 796 724 θεῶν
823 682 951 734 ἔζευξε
975 685 1052 730 τίς;

131 752 204 800 Ay.
233 749 344 791 Ζεύς·
382 749 529 790 Αἰακὸν
559 749 590 789 δ’
617 749 782 802 ἔφυσεν,
809 750 988 801 Οἰνώνης
1015 751 1178 803 πρόμον.

132 818 206 855 Κλ.
233 817 281 854 τὰ
306 815 339 854 δ’
365 817 512 856 Αἰακοῦ
540 820 631 858 παῖς
656 817 714 858 τίς
741 815 911 870 κατέσχε
940 820 1117 868 δώματα,·
1389 832 1454 862 700

130 885 202 933 Ay.
232 881 405 932 Πηλεύς·
445 884 465 921 ὁ
492 883 652 933 Πηλεὺς
678 883 710 922 δ’
738 882 837 936 ἔσχε
863 882 1027 935 Νηρέως
1052 885 1182 936 κόρην.

132 950 204 989 Κλ.
233 951 323 989 θεοῦ
347 947 535 996 διδόντος,
565 946 587 1000 ἢ
613 951 686 1004 βίᾳ
712 953 810 990 θεῶν
835 950 996 1001 λαβών,·

129 1018 202 1068 Ay.
231 1016 329 1058 Ζεὺς
354 1016 534 1069 ἠγγύησε
561 1016 622 1056 καὶ
647 1016 781 1057 δίδωσ’
808 1017 828 1055 ὁ
853 1017 992 1069 κύριος.

128 1084 202 1123 Κλ.
229 1087 348 1135 γαμεῖ
370 1085 412 1124 δὲ
439 1086 512 1123 ποῦ
537 1099 616 1130 νιν;
652 1081 676 1133 ἦ
701 1083 783 1123 κατ’
809 1083 924 1134 οἶδμα
948 1084 1127 1131 πόντιον,·

128 1152 202 1201 Ay.
230 1150 383 1201 Χείρων
411 1149 461 1190 ἵν’
486 1150 588 1190 οἰκεῖ
610 1151 737 1201 σεμνὰ
764 1151 919 1200 Πηλίου
942 1150 1088 1202 βάθρα.
1385 1162 1450 1195 705

129 1219 205 1256 Κλ.
232 1216 275 1256 οὗ
301 1222 406 1269 φασι
433 1216 695 1269 Κενταύρειον
720 1215 885 1271 ᾠκίσθαι
908 1216 1042 1268 γένος;

127 1286 200 1335 Αγ.
229 1283 381 1323 ἐνταῦθ’
409 1283 573 1324 ἔδαισαν
599 1283 769 1334 Πηλέως
795 1282 943 1335 γάμους
968 1284 1062 1324 θεοί.

127 1352 200 1391 Κλ,
231 1349 352 1393 Θέτις
377 1349 409 1391 δ’
435 1350 606 1403 ἔθρεψεν
630 1347 654 1401 ἢ
680 1349 806 1403 πατὴρ
832 1349 1047 1403 Ἀχιλλέα;

126 1420 198 1469 Ay.
225 1418 393 1470 Χείρων,
424 1415 474 1457 ἵν’
498 1416 572 1468 ἤθη
598 1416 650 1468 μὴ
675 1416 795 1468 μάθοι
820 1420 949 1457 κακῶν
972 1420 1144 1470 βροτῶν.

126 1486 200 1525 Κλ.
228 1487 318 1536 φεῦ·

225 1551 354 1604 σοφός
378 1550 415 1603 γ’
441 1552 462 1591 6
487 1550 641 1603 θρέψας
665 1550 724 1604 χὼ
751 1549 879 1592 διδοὺς
905 1550 1147 1603 σοφώτερος.
1382 1564 1447 1594 710

125 1620 197 1671 Ay.
224 1618 382 1659 τοιόσδε
409 1617 548 1660 παιδὸς
574 1619 649 1668 σῆς
674 1617 773 1669 ἀνὴρ
799 1616 914 1657 ἔσται
938 1618 1070 1659 πόσις.

126 1688 200 1726 Κλ.
227 1685 271 1725 οὐ
301 1685 488 1736 μεμπτός.
563 1685 664 1725 οἰκεῖ
686 1683 719 1724 δ’
745 1682 846 1723 ἄστυ
870 1686 984 1724 ποῖον
1009 1682 1227 1730 Ἑλλάδος;

123 1755 196 1804 Ay.
225 1750 439 1792 Ἀπιδανὸν
464 1751 567 1804 ἀμφὶ
592 1750 770 1802 ποταμὸν
797 1751 840 1791 ἐν
865 1751 993 1792 Φθίας
1018 1750 1138 1802 ὅροις.

123 1821 198 1859 Κλ.
226 1818 346 1859 ἐκεῖσ’
372 1816 514 1868 ἀπάξει
540 1818 617 1868 σὴν
643 1816 739 1869 ἐμήν
762 1834 805 1858 τε
829 1816 1044 1869 παρθένον;

120 1889 193 1938 Ay.
223 1887 335 1940 κείνῳ
360 1884 530 1936 μελήσει
554 1887 687 1930 ταῦτα,
714 1888 766 1939 τῷ
794 1882 1028 1938 κεκτημένῳ.
1380 1896 1443 1927 715

120 1955 195 1993 Κλ.
224 1952 315 1992 ἀλλ’
343 1952 585 2006 εὐτυχοίτην.
659 1951 737 1991 τίνι
762 1950 795 1991 δ’
822 1951 865 1991 ἐν
888 1949 1014 2004 ἡμέρᾳ
1038 1954 1176 2003 γαμεῖ,·

121 2022 193 2071 Αγ.
224 2020 318 2059 ὅταν
345 2018 517 2069 σελήνης
544 2017 708 2070 εὐτυχὴς
733 2016 830 2072 ἔλθῃ
856 2016 1009 2058 κύκλος.

122 2089 195 2127 Κλ.
222 2085 434 2137 προτέλεια
459 2085 492 2125 δ’
517 2085 589 2136 ἤδη
617 2083 754 2126 παιδὸς
779 2081 961 2136 ἔσφαξας
986 2082 1074 2137 θεᾷ,·

162 2182 226 2220 694
250 2181 445 2219 συνισχανεῖ
466 2178 621 2208 Porson:
649 2176 877 2217 (συνισχνανεῖ
896 2174 1102 2214 anonymus)
1121 2186 1128 2206 ε
1161 2173 1348 2215 συνισχοίνει
1379 2174 1442 2206 1³2:

120 2224 308 2263 συνανίσχει
327 2223 352 2252 L
367 2223 392 2252 P
409 2233 415 2252 ε
441 2222 672 2261 συνανίσχεται
691 2220 732 2250 L²
872 2219 936 2258 696
960 2218 987 2250 δ’
1005 2219 1110 2250 ὁποίου
1129 2217 1256 2249 Porson
1272 2229 1279 2249 ε
1304 2218 1336 2250 δὲ
1354 2219 1442 2250 ποίου

121 2268 146 2297 L
159 2267 184 2297 P
307 2276 369 2304 700
393 2267 432 2297 τὰ
451 2265 627 2303 Elmsley:
651 2267 707 2296 τοῦ
726 2263 751 2293 L
764 2263 790 2293 P
913 2263 1062 2301 701—738
1087 2262 1318 2301 paragraphos
1335 2262 1438 2301 praef.

119 2311 145 2341 L
158 2311 184 2341 P
309 2320 370 2348 704
394 2310 412 2347 ἢ
432 2308 457 2338 L
472 2307 497 2337 Ρ
621 2316 682 2346 705
706 2307 841 2345 πηλείου
860 2305 924 2336 LP
1057 2306 1119 2344 706
1143 2304 1273 2346 ᾠκίσθαι
1293 2304 1440 2336 Porsen:

118 2356 271 2386 οἰκεῖσθαι
290 2353 316 2383 L
332 2352 358 2382 P
469 2362 532 2391 709
555 2351 645 2391 μάθοι
664 2351 843 2389 Musgrave
859 2361 866 2380 z
888 2349 971 2390 μάθη
991 2349 1016 2379 L
1032 2348 1059 2379 P
1162 2359 1226 2388 710
1250 2348 1441 2391 σοφωτέροις

120 2398 300 2435 musgrave
392 2397 453 2434 716
479 2395 670 2436 εὐτυχείτην
689 2394 713 2424 L
727 2394 775 2424 P:
801 2404 886 2425 corr.
909 2393 1030 2424 Portus
