1658 2740
618 123 969 162 ΕΥΡΙΠΙΔΟΥ

130 230 198 265 Ετ.
235 226 296 265 καὶ
321 224 398 275 μὴν
423 225 502 277 ἐγὼ
527 225 566 265 σ’
592 226 760 284 ἔχρῃζον
787 229 963 276 εἰσιδεῖν,
992 230 1133 282 Κρέον·
1397 245 1463 276 700

228 295 364 346 πολλῷ
390 294 466 343 γὰρ
490 293 610 344 ηὗρον
636 296 781 336 ἐνδεεῖς
808 295 1028 348 διαλλαγάς

229 357 280 399 ὡς
307 359 346 399 ἐς
369 358 515 410 λόγους
541 362 707 412 συνῆψα
730 363 967 403 Πολυνείκει
992 363 1140 413 μολών.

129 428 198 476 Κρ.
228 423 378 475 ἤκουσα
401 426 536 476 μεῖζον
562 426 680 467 αὐτὸν
705 424 728 478 ἢ
756 427 901 479 Θήβας
927 434 1104 481 φρονεῖν,

230 490 337 541 κήδει
360 489 395 530 τ’
420 491 646 545 Ἀδράστου
674 494 736 534 καὶ
761 499 917 550 στρατῷ
943 496 1172 536 πεποιθότα.

229 558 321 598 ἀλλ’
349 559 388 600 ἐς
413 559 527 601 θεοὺς
551 559 628 613 χρὴ
653 560 760 600 ταῦτ’
786 561 1048 613 ἀναρτήσαντ’
1076 562 1196 616 ἔχειν·
1399 578 1461 609 705

226 625 251 665 ἃ
276 624 308 664 δ’
337 625 518 676 ἐμποδὼν
541 626 733 678 μάλιστα,
760 628 868 669 ταῦθ’
893 629 973 679 ἥκω
999 628 1181 681 φράσων.

130 693 199 731 Ετ.
226 692 274 731 τὰ
299 696 392 732 ποῖα
416 696 556 739 ταῦτα;
595 693 662 734 τὸν
688 695 812 747 λόγον
836 697 911 747 γὰρ
937 697 1081 748 ἀγνοῶ.

127 761 197 809 Κρ.
224 758 310 808 ἥκει
335 775 392 800 τις
418 759 674 813 αἰχμάλωτος
699 761 890 814 Ἀργείων
914 761 1030 814 πάρα.

71 836 76 842 ’
131 827 197 864 Ετ.
224 824 335 876 λέγει
361 827 401 865 δὲ
428 825 473 875 δὴ
500 828 540 867 τί
563 831 640 867 τῶν
667 830 749 868 ἐκεῖ
771 829 981 880 νεώτερον;

129 893 198 942 Κρ.
225 890 389 941 μέλλειν
414 891 547 944 [πέριξ
570 894 757 946 πύργοισι
784 895 990 945 Καδμείων
1015 897 1135 937 πόλιν
1399 908 1465 942 710

226 955 381 1008 ὅπλοις]
405 958 552 1009 ἑλίξειν
579 960 702 1001 αὐτίκ’
726 961 916 1013 Ἀργείων
943 964 1125 1014 στρατόν.

129 1027 196 1064 Ετ.
225 1023 429 1075 ἐξοιστέον
454 1025 538 1078 τᾶρ’
566 1028 673 1067 ὅπλα
701 1029 906 1078 Καδμείων
931 1029 1058 1070 πόλει.

129 1093 198 1143 Κρ.
227 1095 313 1138 ποῖ;
350 1095 435 1142 μῶν
460 1092 609 1143 νεάζων
634 1094 706 1146 οὐχ
733 1096 825 1149 ὁρᾷς
848 1094 872 1134 ἃ
896 1094 971 1148 χρή
998 1095 1037 1135 σ’
1063 1097 1175 1148 ὁρᾶν;

128 1160 196 1199 Er.
224 1157 334 1200 ἐκτὸς
359 1157 524 1211 τάφρων
550 1160 679 1207 τῶνδ’,
709 1161 758 1202 ὡς
782 1161 1053 1214 μαχουμένους
1077 1162 1193 1216 τάχα.

129 1227 200 1276 Κρ.
228 1225 393 1277 σμικρὸν
418 1225 462 1266 τὸ
488 1229 640 1277 πλῆθος
666 1229 787 1277 τῆσδε
812 1230 896 1280 γῆς,
925 1229 961 1269 οἳ
986 1228 1018 1268 δ’
1045 1229 1224 1280 ἄφθονοι.
1398 1241 1462 1275 '715

128 1294 197 1332 Ετ.
224 1290 351 1347 ἐγῷδα
376 1294 526 1335 κείνους
551 1297 635 1335 τοῖς
661 1295 798 1346 λόγοις
823 1296 940 1337 ὄντας
966 1298 1137 1347 θρασεῖς.

129 1360 199 1409 Κρ.
227 1358 312 1411 ἕχει
337 1358 409 1399 τιν’
435 1361 552 1412 ὄγκον
579 1360 723 1413 τᾶργος
747 1360 956 1412 Ἑλλήνων
981 1361 1098 1415 πάρα.

130 1427 198 1465 Ετ.
226 1424 378 1477 θάρσει·
415 1425 505 1479 τάχ’
530 1426 656 1468 αὐτῶν
683 1429 820 1469 πεδίον
845 1427 1039 1479 ἐμπλήσω
1066 1429 1204 1481 φόνου.

130 1494 200 1543 Κρ.
227 1491 379 1543 θέλοιμ’
404 1492 465 1533 ἄν·
504 1494 611 1533 ἀλλὰ
636 1494 740 1535 τοῦθ’
769 1496 844 1547 ὁρῶ
871 1499 1025 1536 πολλοῦ
1051 1496 1186 1536 πόνου.

130 1561 199 1598 Ετ.
227 1558 278 1600 ὡς
303 1559 347 1599 οὐ
373 1558 521 1610 καθέξω
547 1560 711 1613 τειχέων
737 1562 816 1602 ἔσω
845 1563 1030 1614 στρατόν.
1399 1575 1464 1606 720

130 1628 199 1676 Κρ.
231 1625 292 1665 καὶ
315 1625 393 1676 μὴν
416 1626 461 1667 τὸ
485 1629 597 1668 νικᾶν
625 1629 712 1668 ἐστι
738 1631 815 1669 πᾶν
843 1628 1044 1680 εὐβουλία.

131 1695 198 1731 Ετ.
225 1692 356 1748 βούλῃ
382 1692 587 1744 τράπωμαι
612 1694 696 1744 δῆθ’
724 1694 836 1737 ὁδοὺς
864 1695 990 1738 ἄλλας
1014 1697 1141 1743 τινάς;

129 1761 198 1809 Κρ.
227 1758 360 1800 πάσας
385 1776 442 1811 γε,
470 1759 560 1812 πρὶν
587 1762 767 1802 κίνδυνον
794 1763 848 1804 εἰς
877 1761 985 1813 ἅπαξ
1005 1768 1158 1814 μολεῖν.

132 1828 197 1864 Ετ.
226 1826 258 1865 εἰ
284 1825 419 1867 νυκτὸς
444 1825 574 1868 αὐτοῖς
601 1827 908 1880 προσβάλοιμεν
935 1832 974 1870 ἐκ
1002 1831 1146 1883 λόχου;

132 1895 201 1943 Κρ.
229 1893 336 1944 εἴπερ
364 1894 537 1945 σφαλείς
563 1912 607 1946 γε
636 1898 745 1947 δεῦρο
770 1895 936 1952 σωθήσῃ
963 1896 1096 1937 πάλιν.
1396 1911 1459 1943 725

173 1995 236 2022 700
253 1983 358 2025 Κρέων
371 1986 422 2016 M:
440 1997 526 2018 corr.
542 1987 592 2017 M⁴3
665 1999 722 2027 701
745 1993 876 2022 πολλῶν
891 1991 1071 2031 Byzantini
1091 1992 1219 2033 (πολλῷ
1233 1993 1271 2032 Σ)
1342 2003 1404 2032 702
1421 1995 1460 2025 ὡς

128 2029 227 2058 codd.
244 2033 278 2058 et
296 2033 318 2061 Σ
335 2039 341 2058 :
366 2029 401 2061 ἃς
417 2030 468 2060 ve]
483 2029 526 2062 ὧν
537 2031 721 2063 Wecklein
847 2036 909 2073 706
934 2035 953 2066 ἃ
965 2035 1008 2075 δ’]
1027 2035 1078 2075 ἅμ’
1091 2035 1135 2073 Α,
1148 2037 1209 2067 sed
1226 2046 1392 2075 suprascr.
1412 2039 1459 2068 ἐν-

128 2071 215 2109 μέσω
272 2072 395 2112 φράσον
406 2072 431 2102 Ρ
487 2075 549 2113 708
562 2076 610 2107 τίς
623 2076 652 2106 Α
665 2076 691 2106 Β
754 2086 815 2116 709
828 2079 907 2116 δήτι
920 2078 951 2107 Μ
968 2079 994 2108 Β
1006 2078 1035 2108 V
1094 2089 1167 2117 710,
1181 2089 1217 2118 71
1227 2089 1239 2108 1
1253 2079 1354 2110 verba
1364 2080 1459 2110 uncis

129 2115 255 2145 inclusa
266 2115 330 2146 del.
342 2115 574 2149 Wilamowitz
588 2124 622 2150 et
636 2120 767 2150 Verrall
860 2131 923 2160 710
935 2121 1027 2153 πόλει
1041 2122 1147 2161 1³‚sed
1160 2136 1185 2154 ει
1198 2123 1230 2152 in
1244 2133 1309 2153 ras.
1397 2133 1455 2162 711

128 2159 285 2189 lineolam
298 2160 401 2198 praef.
415 2161 441 2190 L
489 2172 505 2200 7
516 2172 550 2200 ¹3
564 2163 632 2203 ποῖ]
645 2166 687 2201 πῆ
705 2164 729 2193 L
778 2165 840 2202 716
853 2166 915 2205 ἐγὼ
928 2165 997 2197 οὐδὲ
1010 2165 1142 2196 videtur
1153 2166 1326 2196 invenisse
1338 2176 1424 2196 unus
1436 2171 1459 2200 Σ

128 2202 212 2242 τοῖς]
231 2203 304 2235 τοὺς
322 2208 345 2237 Σ
364 2204 450 2234 idem
540 2206 658 2237 ὅνταΑ
766 2218 826 2246 717
845 2211 874 2239 τ’
893 2209 988 2249 ἄργος
1007 2209 1038 2238 Μ
1054 2209 1079 2238 Ρ
1095 2214 1128 2240 et
1145 2214 1168 2243 Σ
1186 2220 1271 2240 unus
1288 2210 1321 2240 ni
1340 2210 1459 2240 fallor:

130 2247 223 2286 ἄργος
242 2246 312 2277 rell.
335 2252 368 2278 et
392 2247 512 2280 lemma
529 2254 553 2283 Σ
687 2261 750 2289 720
773 2251 829 2291 ὡς]
857 2254 878 2283 ὡ
904 2252 1057 2291 primitus
1082 2253 1114 2282 M
1134 2264 1141 2283 :
1165 2257 1228 2286 πῶς
1252 2253 1405 2292 primitus
1428 2253 1457 2283 A

129 2289 192 2320 ἔσω
211 2290 236 2319 L
254 2301 260 2319 :
287 2293 361 2322 εἵσω
379 2291 449 2323 rell.
550 2303 608 2332 721
636 2297 724 2326 νικᾶν
739 2295 772 2334 γ’
791 2295 937 2335 Lenting
1041 2297 1202 2334 εὐβουλῖαι
1221 2297 1248 2326 Β
1265 2308 1271 2328 :
1291 2297 1459 2334 εὐβουλίας

129 2332 271 2364 sortasse
285 2339 307 2367 Σ
325 2335 506 2371 ’”εὐβουλιάς
526 2336 597 2367 ἐστί
615 2342 646 2366 ct
665 2340 698 2368 ἐν
716 2339 867 2380 εὐβουλίᾳ
886 2339 976 2377 ἐστί)
1070 2350 1131 2379 723
1158 2341 1290 2381 εἰσάπαξ
1305 2340 1336 2370 Α
1348 2340 1378 2370 V
1394 2340 1419 2370 L
1433 2341 1459 2370 P

131 2387 192 2415 724
216 2377 257 2418 εἰ]
276 2377 295 2415 ἧ
316 2378 341 2407 L
494 2380 753 2421 προσβάλοιμεν]
777 2383 1042 2423 προσβάλλοιμεν
1064 2383 1153 2414 VL:
1179 2384 1396 2423 προβάλοιμεν
1424 2383 1456 2413 Μ

131 2431 192 2460 725
209 2435 246 2462 γε
263 2423 398 2461 σφαλείς
411 2436 450 2463 ’γε
461 2422 490 2452 V
540 2427 678 2463 σφαλῆις
693 2430 725 2454 et
737 2424 835 2466 δεύρω
849 2431 881 2456 ct
893 2426 986 2458 πόλιν
999 2427 1029 2456 Μ
1046 2439 1052 2458 :
1069 2429 1166 2460 πάλιν
1179 2427 1227 2458 Μ2
1278 2428 1416 2467 σωθεῖση
1431 2428 1457 2459 P
