1658 2740
681 103 909 143 ΒΑΚΧΑΙ

233 205 326 246 ὅταν
352 206 454 257 παρὰ
480 206 604 258 λόγον
630 208 842 259 σώφρονας
867 206 1024 261 βάκχας
1051 210 1147 265 ἴδῃς.
1392 226 1459 257 940

134 274 205 312 Πε.
233 272 378 324 πότερα
403 274 443 312 δὲ
470 273 616 325 θύρσον
641 272 749 329 δεξιᾷ
772 275 912 325 λαβὼν
938 275 1025 328 χερὶ

229 334 252 387 ἢ
278 341 381 395 τῇδε,
409 337 543 396 βάκχῃ
567 343 724 391 μᾶλλον
750 339 1056 391 εἷκασθήσομαι;

131 407 195 444 Δι.
230 405 273 444 ἐν
298 403 404 458 δεξιᾷ
426 405 501 458 χρὴ
527 406 637 460 χᾶμα
661 406 772 461 δεξιῷ
798 407 889 447 ποδὶ

229 472 352 523 αἴρειν
377 488 450 512 νιν·
488 473 583 513 αἷνῶ
610 472 642 513 δ’
668 474 727 513 ὅτι
751 472 997 524 μεθέστηκας
1022 477 1188 526 φρενῶν.

130 539 200 578 Πε.
229 537 288 590 ἆρ’
313 537 362 579 ἂν
387 539 573 590 δυναίμην
598 541 666 581 τὰς
694 542 934 592 Κιθαιρῶνος
960 542 1110 594 πτυχὰς
1391 555 1454 587 945

231 603 387 645 αὐταῖσι
412 603 585 659 βάκχαις
610 609 690 649 τοῖς
718 607 826 657 ἐμοῖς
851 607 969 658 ὤμοις
995 606 1148 659 φέρειν;

130 674 194 711 Δι.
227 671 348 712 δύναι’
374 671 433 718 ἄν,
462 674 495 713 εἰ
521 673 699 724 βούλοισ
739 675 808 715 τὰς
833 676 873 715 δὲ
901 674 993 726 πρὶν
1019 674 1165 727 φρένας

228 738 296 778 οὐκ
322 737 427 792 εἶχες
451 740 585 792 ὑγιεῖς,
615 743 682 781 νῦν
709 739 739 780 δ’
767 740 873 794 ἔχεις
898 742 982 783 οἵας
1008 757 1056 782 σε
1082 744 1151 782 δεῖ.

128 807 200 845 Πε.
238 805 414 858 μοχλοὺς
440 805 641 858 φέρωμεν;
670 803 693 856 ἢ
719 811 853 861 χεροῖν
879 805 1100 848 ἀνασπάσω

228 875 416 923 κορυφαῖς
441 873 659 924 ὑποβαλὼν
687 872 792 925 ὦμον
818 870 840 924 ἢ
867 875 1085 928 βραχίονα;
1389 889 1455 925 950

127 941 190 978 Δι.
228 937 280 988 μὴ
307 939 359 978 σύ
381 955 427 990 γε
454 940 502 978 τὰ
527 942 709 992 Νυμφῶν
734 940 919 997 διολέσῃς
945 941 1133 994 ἱδρύματα

225 1004 287 1044 καὶ
314 1004 448 1047 Πανὸς
476 1006 589 1058 ἕδρας
614 1006 694 1046 ἔνθ’
720 1007 804 1059 ἔχει
831 1009 1062 1060 συρίγματα.

125 1073 197 1111 Πε.
228 1074 356 1114 καλῶς
384 1069 536 1121 ἔλεξας·
574 1072 618 1113 οὐ
644 1072 777 1114 σθένει
804 1073 982 1124 νικητέον

227 1141 424 1189 γυναῖκας·
462 1136 669 1180 ἐλάταισιν
694 1138 727 1180 δ’
753 1139 848 1191 ε’μὸν
874 1140 1010 1192 κρύψω
1037 1140 1166 1191 δέμας.

124 1207 188 1244 Δι.
227 1204 356 1261 κρύψῃ
383 1203 433 1245 σὺ
461 1205 605 1258 κρύψιν
631 1206 679 1256 ἥν
705 1223 752 1246 σε
780 1208 998 1259 κρυφθῆναι
1021 1208 1161 1260 χρεών,
1316 1263 1319 1266 Α
1388 1222 1450 1254 955

224 1271 394 1312 ἐλθόντα
418 1271 552 1313 δόλιον
577 1270 776 1323 μαινάδων
802 1270 1065 1314 κατάσκοπον.
1214 1310 1249 1331 ,ᾗ

124 1339 197 1378 Πε.
225 1337 286 1378 καὶ
311 1337 388 1389 μὴν
414 1340 514 1379 δοκῶ
540 1342 648 1392 σφᾶς
673 1340 715 1380 ἐν
739 1340 910 1401 λόχμαις
934 1342 1092 1392 ὄρνιθας
1117 1341 1167 1382 ὣς
1220 1333 1240 1346 ”

221 1403 394 1457 λέκτρων
420 1404 586 1458 ἔχεσθαι
611 1404 819 1458 φιλτάτοις
844 1407 886 1447 ἐν
912 1406 1079 1458 ἕρκεσιν.

123 1473 187 1511 Δι.
225 1471 362 1512 οὐκοῦν
389 1471 450 1512 ἐπ’
476 1471 569 1513 αὐτὸ
593 1472 696 1513 τοῦτ’
722 1473 955 1530 ἀποστέλλῃ
981 1472 1128 1526 φύλαξ·

220 1530 335 1594 λήψῃ
362 1536 394 1578 δ’
421 1538 518 1581 ἴσως
547 1542 669 1591 σφᾶς,
696 1536 744 1589 ἢν
770 1539 820 1579 σὺ
844 1539 895 1591 μὴ
921 1542 1080 1596 ληφθῇς
1105 1539 1240 1592 πάρος.
1381 1544 1444 1586 960

120 1605 192 1643 Πε.
220 1603 351 1654 κόμιζε
376 1606 439 1645 διὰ
463 1604 589 1656 μέσης
613 1622 661 1656 με
688 1607 874 1656 Θηβαίας
897 1606 1056 1659 χθονός·

217 1670 336 1720 μόνος
361 1672 434 1723 γὰρ
461 1671 587 1712 αὐτῶν
613 1670 686 1722 εἶμ’
712 1671 808 1723 ἀνὴρ
834 1676 991 1723 τολμῶν
1016 1672 1116 1713 τόδε.

121 1739 184 1776 Δι.
221 1737 341 1787 μόνος
367 1737 417 1777 σὺ
442 1738 596 1780 πόλεως
620 1737 732 1787 τῆσδ’
757 1737 1028 1790 ὑπερκάμνεις,
1054 1739 1185 1789 μόνος·

217 1802 353 1855 τοιγάρ
379 1802 416 1842 σ’
441 1804 590 1856 ἀγῶνες
615 1803 880 1856 ἀναμένουσιν
903 1804 969 1846 οὓς
995 1806 1129 1858 ἐχρῆν.

219 1869 316 1910 ἕπου
341 1869 396 1910 δέ·
434 1870 587 1921 πομπὸς
612 1867 675 1922 [δ’]
701 1870 775 1922 εἶμ’
803 1871 880 1923 ἐγὼ
906 1870 1111 1924 σωτήριος,
1378 1877 1440 1918 965

160 1972 224 2000 940
248 1961 433 2003 παραλόγου
451 1961 477 1992 Ρ
494 1974 501 1993 :
528 1962 713 2004 παράλογον
730 1963 858 1994 Porson
1034 1973 1093 2003 941
1120 1966 1242 2006 δεξιᾷῤ
1257 1975 1264 1995 :
1289 1965 1390 2006 δεξιὸν
1406 1971 1442 1996 ut

116 2004 180 2035 vid.
202 2005 228 2034 P
316 2016 380 2045 944
405 2007 500 2047 αἴρειν
518 2005 697 2037 Musurus:
725 2009 801 2047 αἴρει
823 2007 849 2036 Ρ
947 2007 1013 2046 946
1037 2009 1173 2049 αὐτῇσιν
1191 2007 1332 2045 ἐλάταις,
1351 2009 1440 2047 quod

116 2057 134 2077 e
162 2047 307 2078 Bacchis
332 2049 412 2079 citat
440 2053 463 2082 Σ
492 2049 620 2080 Phoen.
650 2059 679 2088 3,
709 2049 762 2080 hic
790 2060 864 2080 eum
892 2050 1015 2090 legisse
1041 2050 1203 2081 censebat
1228 2051 1442 2081 Valckenaer

114 2100 175 2129 951
202 2092 242 2123 τὰ
269 2091 487 2131 Stephanus:
518 2095 579 2124 τᾶν
605 2093 631 2123 Ρ
830 2103 894 2133 952
919 2095 1022 2126 Πανὸς
1051 2093 1234 2125 Brodeau:
1269 2095 1386 2126 καπνὸς
1415 2095 1441 2124 Ρ

114 2143 179 2172 953
203 2138 311 2166 καλῶν
327 2135 481 2174 primitus
500 2135 526 2165 P
634 2145 697 2175 954
723 2135 870 2168 ἐλάταισι
887 2136 914 2168 δ’
934 2137 981 2168 P:
1006 2137 1148 2168 sortasse
1167 2137 1298 2170 ἐλάταις
1315 2137 1342 2169 δ’
1360 2138 1441 2177 ἁμὸν

116 2177 263 2218 ἐγκρύψαι
373 2188 437 2217 955
461 2181 615 2220 κρυφῆναι
634 2179 681 2210 P:
705 2189 789 2210 corr.
810 2179 968 2210 Musurus
1077 2182 1138 2220 961
1164 2181 1296 2222 χθονός]
1315 2180 1440 2213 πόλεως

117 2219 236 2251 Nauck
349 2224 414 2260 962
437 2222 499 2263 γὰρ
516 2222 574 2262 εἶμ’
593 2224 697 2254 αὐτῶν
715 2222 740 2252 Ρ
756 2233 762 2252 :
787 2233 871 2254 corr.
892 2222 1043 2263 Elmsley
1133 2234 1135 2236 ·
1162 2226 1226 2263 964
1252 2226 1304 2257 οὕς
1321 2236 1358 2256 σε
1374 2225 1438 2266 χρή

117 2262 179 2293 Fix
309 2265 373 2304 965
398 2264 425 2296 δ’
441 2265 564 2296 seclusi
685 2265 743 2305 εἴμ’
763 2265 920 2297 Musurus
1053 2267 1208 2309 σωτήριος
1224 2267 1385 2299 omissum
1404 2272 1439 2298 et

115 2307 292 2346 postmodo
309 2307 458 2339 additum
478 2308 511 2339 in
531 2309 557 2339 P

201 2371 285 2394 mm.
304 2372 355 2396 111,
1248 2366 1308 2400 17*
