1658 2740
651 141 875 178 BAKXAI

100 246 172 283 Κα.
201 244 426 296 ἐγνώκαμεν
452 244 572 285 ταῦτ’·
611 244 704 284 ἀλλ’
731 243 927 298 ἐπεξέρχῃ
952 244 1058 284 λίαν.

102 319 165 353 Δι.
202 312 264 351 καὶ
289 313 364 364 γὰρ
388 311 484 363 πρὸς
508 312 615 362 ὑμῶν
640 313 729 352 θεὸς
754 310 882 362 γεγὼς
907 310 1134 361 ὑβριζόμην.

97 379 165 417 Κα.
201 378 322 430 ὀργὰς
347 378 486 430 πρέπει
510 378 623 420 θεοὺς
647 377 722 431 οὐχ
749 377 984 428 ὁμοιοῦσθαι
1008 380 1182 428 βροτοῖς.

100 447 164 484 Δι.
202 443 327 486 πάλαι
351 444 444 486 τάδε
470 444 569 486 Ζεὺς
592 443 711 495 οὑμὸς
739 442 953 484 ἐπένευσεν
978 442 1116 494 πατήρ.

98 512 171 562 Ay.
201 513 294 557 αἰαῖ,
323 511 514 558 δέδοκται,
541 510 715 563 πρέσβυ,
743 507 939 561 τλήμονες
964 510 1099 562 φυγαί.
1344 522 1426 554 1350

99 580 162 617 Δι.
192 579 232 618 τί
253 580 350 629 δῆτα
373 577 536 629 μέλλεθ’
561 577 660 630 ἅπερ
686 578 909 630 ἀναγκαίως
933 577 1037 630 ἔχει,·

100 679 170 717 Κα.
200 676 230 719 ὦ
252 677 402 726 τέκνον,
420 678 482 727 ,ὡς
507 679 547 720 ἐς
572 679 701 719 δεινὸν
726 678 902 730 ἤλθομεν
928 676 1045 718 κακὸν

199 741 398 797 (πάντες,>
422 745 475 785 σύ
499 744 534 785 θ’
559 745 582 796 ἡ
608 744 779 786 τάλαινα
805 745 999 797 σύγγονοί
1020 761 1061 785 τε
1088 745 1169 791 σαί,

196 811 276 863 ἐγώ
304 811 338 851 θ’
364 812 384 851 ὁ
408 810 582 862 τλήμων·
619 811 853 864 βαρβάρους
879 809 1072 864 ἀφίξομαι

199 876 325 930 γέρων
349 877 545 929 μέτοικος·
584 879 643 920 ἔτι
667 878 710 919 δέ
733 895 801 929 μοι
825 878 870 918 τὸ
896 877 1101 930 θέσφατον
1342 889 1423 920 1355

199 945 238 986 ἐς
262 943 428 986 Ἑλλάδ’
455 946 621 998 ἀγαγεῖν
646 945 795 998 μιγάδα
818 944 1030 997 βάρβαρον
1057 944 1239 996 στρατόν.

200 1011 262 1051 καὶ
287 1011 359 1061 τὴν
375 1011 531 1064 Ἀρεως
555 1011 662 1053 παῖδ’
688 1011 914 1064 Ἁρμονίαν,
942 1010 1102 1063 δάμαρτ’
1127 1009 1238 1062 ἐμήν,

197 1076 350 1129 δράκων
376 1078 584 1129 δρακαίνης
610 1075 774 1130 (φύσιν)
799 1078 974 1132 ἔχουσαν
999 1079 1140 1130 ἀγρίαν

196 1141 276 1192 ἄξω
302 1143 358 1184 ’πὶ
382 1144 543 1195 βωμοὺς
570 1144 633 1184 καὶ
656 1143 808 1197 τάφους
833 1144 1106 1195 Ἑλληνικούς,

197 1210 415 1262 ἡγούμενος
439 1211 669 1265 λόγχαισιν·
707 1211 797 1253 οὐδὲ
822 1211 1024 1262 παύσομαι
1306 1251 1308 1253 .
1342 1214 1425 1254 1360

198 1281 326 1318 κακῶν
351 1278 371 1317 ὁ
395 1276 569 1329 τλήμων,
597 1279 686 1319 οὐδὲ
711 1278 781 1319 τὸν
806 1277 1051 1329 καταιβάτην

197 1342 417 1398 Ἀχέροντα
442 1344 622 1387 πλεύσας
646 1344 800 1399 ἥσυχος
824 1344 1057 1398 γενήσομαι.

95 1414 169 1463 Αγ.
197 1409 228 1450 ὦ
250 1408 383 1464 πάτερ,
413 1411 490 1464 ἐγὼ
516 1413 558 1453 δὲ
584 1415 658 1451 σοῦ
683 1415 871 1464 στερεῖσα
896 1411 1102 1464 φεύξομαι.

95 1480 169 1518 Κα.
198 1478 238 1518 τί
259 1477 298 1529 μ’
324 1478 602 1532 ἀμφιβάλλεις
627 1480 784 1532 χερσίν,
809 1477 838 1519 ὦ
863 1477 1032 1520 τάλαινα
1055 1481 1138 1526 παῖ,
1172 1509 1215 1544 7

196 1545 301 1595 ὅρνις
327 1546 432 1587 ὅπως
458 1548 616 1604 κηφῇνα
641 1545 1052 1603 πολιόχριὲῃκρκννρςῑ
1180 1566 1189 1575 -·
1340 1545 1421 1585 1365

95 1613 170 1662 Ay.
199 1614 270 1651 ποῖ
290 1627 366 1663 γαρ
390 1610 595 1664 τράπωμαι
623 1612 809 1664 πατρίδος
835 1608 1135 1664 ἐκβεβλημένη,·

96 1679 167 1718 Κα.
196 1676 266 1717 οὐκ
291 1677 389 1724 οἶδα,
417 1677 568 1719 τέκνον·
605 1678 742 1731 μικρὸς
767 1680 969 1731 ἐπίκουρος
994 1677 1134 1731 πατήρ.

94 1780 167 1829 Αγ.
396 1778 515 1831 χαῖρ’,
541 1776 572 1819 ὦ
594 1778 806 1831 μέλαθρον,
834 1777 952 1831 χαῖρ’,
980 1777 1009 1818 ὦ
1035 1779 1178 1830 πατρία

396 1845 525 1886 πόλις·
563 1845 732 1885 ἐκλείπω
760 1845 798 1883 σ’
823 1845 886 1886 ἐπὶ
912 1847 1102 1899 δυστυχίᾳ

396 1912 527 1963 φυγὰς
550 1913 593 1952 ἐκ
620 1910 820 1962 θαλάμων.
1339 1923 1421 1954 1370

140 2012 220 2041 1347
246 2004 331 2042 ὑμῶν
355 2003 549 2034 Victorius:
574 2003 661 2043 ἡμῶν
684 2003 710 2033 Ρ
880 2013 962 2042 1349
985 2003 1061 2036 τάδε
1089 2003 1259 2034 Musurus:
1292 2002 1372 2044 τάγε
1396 2002 1421 2032 Ρ

95 2044 268 2078 ἐπένευσεν
286 2051 334 2087 p:
369 2046 518 2078 ἐπαίνεσε
545 2046 571 2076 Ρ
687 2056 769 2085 1350
792 2047 952 2086 τήλμονες
971 2046 997 2076 Ρ
1109 2056 1190 2085 1353
1213 2046 1331 2078 πάντες
1352 2056 1416 2076 om.

95 2087 143 2118 Ρ.
167 2088 276 2128 suppl.
299 2089 484 2120 Kirchhoff
496 2100 539 2120 ex
557 2090 636 2121 Chr.
661 2089 731 2121 Pat.
753 2100 833 2129 1701
853 2090 890 2129 (ὦ
909 2090 1014 2131 φίλος,
1027 2093 1066 2122 ὡς
1081 2092 1123 2122 εἰς
1141 2091 1226 2121 δεινὰ
1239 2091 1300 2129 φὴς
1315 2091 1421 2120 ἐλθεῖν

94 2132 176 2163 κακὰ
201 2132 334 2171 πάντας,
358 2131 430 2170 κᾶμ’
460 2134 556 2165 αυτὸν
579 2133 759 2174 συγγόνους
783 2133 812 2164 τ’
832 2134 928 2175 ἄρδην
954 2133 1080 2172 ἐμούς);
1118 2133 1168 2172 σύ,
1195 2132 1377 2173 θ<ύγατερ,>
1399 2133 1419 2170 ἡ

93 2174 232 2207 τάλαινα
248 2175 357 2214 suppl.
379 2175 572 2208 Marchant:
599 2190 652 2208 παε
657 2190 670 2209 ς
687 2191 724 2209 ’τε
742 2182 818 2216 post
835 2177 973 2209 τάλαινα
989 2176 1166 2207 Hermann
1264 2184 1346 2215 1355
1371 2175 1420 2207 ἔτι

95 2218 130 2249 δέ
145 2219 262 2257 μουστὶ
280 2219 325 2250 M.
345 2219 484 2259 Haupt:
510 2220 580 2251 ἔστι
596 2221 659 2261 ’γὰρ
675 2234 714 2252 το
732 2220 810 2250 Chr.
826 2220 896 2251 Pat.
914 2222 997 2259 1670
1098 2221 1181 2259 1358
1198 2219 1294 2261 φύσιν
1306 2218 1416 2258 suppl.

95 2261 272 2293 Musurus:
294 2273 358 2293 om.
386 2262 431 2294 P:
454 2262 556 2304 σχῆμ’
581 2263 692 2303 suppl.
721 2264 852 2304 Nauck,
871 2264 911 2295 cl.
933 2264 1000 2295 Ion
1019 2274 1094 2303 992,
1116 2268 1149 2294 et
1166 2263 1200 2293 in
1218 2263 1286 2293 fine
1309 2262 1419 2304 ἀγρίας

97 2306 179 2344 1363
203 2308 356 2347 στερεῖσα
372 2305 525 2338 Barnes:
544 2310 736 2349 στερηθεῑσα
755 2307 782 2338 Ρ
909 2309 989 2347 1365
1014 2306 1200 2348 πολιόχρων
1213 2305 1418 2344 Musgrave:

94 2348 276 2389 πολιόχρως
295 2349 322 2380 Ρ
410 2349 526 2382 κύκνον
542 2350 657 2381 Heath
749 2353 841 2391 1368,
865 2361 1061 2390 1371,1374
1080 2355 1178 2382 notas
1196 2360 1260 2381 om.
1278 2348 1322 2381 P.
1339 2349 1414 2380 add.

96 2391 252 2423 Musurus
356 2394 437 2432 1368
453 2394 569 2436 πατρία
587 2393 758 2434 Elmsley:
783 2394 912 2437 πατρῴα
937 2395 963 2425 Ρ
