1622 2740
560 95 966 138 PRAEFATIO

103 211 230 252 metri
261 210 425 251 formae
456 217 556 251 sunt
586 211 742 252 variae.
820 210 945 250 Potui
977 214 1104 259 certe,
1137 208 1269 260 idque
1299 218 1428 258 saepe

102 279 210 329 feci3
254 280 329 319 sed
370 278 439 320 hic
475 280 518 320 in
553 286 675 321 tanta
715 280 976 332 aequalitate
1015 284 1250 318 metrorum
1288 274 1427 327 magis

102 348 312 389 lectorum
351 349 586 390 commodo
629 349 701 401 qui
743 349 969 401 stropham
1012 360 1109 388 cum
1151 343 1428 396 antistropha

101 416 294 457 conferre
312 416 470 458 vellent
492 417 709 459 consulere
733 417 839 457 mihi
857 416 1050 465 videbar,
1072 416 1105 456 si
1129 415 1206 456 has
1224 412 1428 453 minutias

100 485 347 526 indicarem.
428 487 592 528 Contra
624 488 665 527 in
697 486 972 539 sequentibus
1003 500 1069 526 vv.
1101 482 1292 526 continui
1328 487 1427 522 sunt

100 555 304 607 trochaei,
321 556 362 595 in
380 555 589 596 dimetros
606 555 732 596 divisi
755 555 830 596 sed
848 567 1066 608 syncopen
1089 555 1131 594 in
1153 553 1295 606 primo
1314 550 1425 604 pede

99 636 227 677 saepe
249 625 376 677 passi.
440 624 565 665 Potui
585 623 761 664 εἰσθέσει
776 624 1008 665 varietates
1028 622 1260 670 exhibere3
1291 620 1424 661 satius

100 692 207 732 duxi
243 693 444 743 indicare,
479 693 597 746 quod
637 692 762 733 facile
803 693 1008 734 lectorem
1045 692 1233 746 effugere
1269 695 1425 744 posset,

100 762 300 802 omnibus
318 763 492 803 subesse
510 763 623 802 idem
643 768 843 802 metrum.
886 762 998 802 Vide
1015 775 1126 815 quae
1143 762 1201 802 ibi
1219 759 1426 801 adnotavi

99 830 142 870 in
169 838 380 885 apparatu
408 831 557 872 critico
586 837 630 871 et
659 830 803 871 confer
828 845 896 871 vv.
919 831 1103 884 348-59,
1134 830 1206 870 ubi
1236 829 1424 870 indicare

99 899 214 939 volui
236 913 385 940 omnes
402 898 588 954 (praeter
604 899 706 953 356)
726 899 995 940 ditrochaeos
1017 913 1108 940 esse
1129 899 1205 940 sed
1228 905 1325 953 353,
1342 904 1424 950 355

99 968 376 1010 catalecticos
399 969 541 1020 φόνιον
564 969 805 1019 αἰυώυρημα
834 967 840 1022 Ι
868 970 932 1009 διὰ
954 968 1063 1019 δέρης
1086 967 1273 1020 ὀρέξομαι

350 1036 373 1088 ἢ
396 1036 638 1089 ξιφοκτόνον
660 1037 810 1090 δίωγμα
839 1036 842 1090 Ι
870 1037 1166 1089 λαιυμορρύτου
1189 1038 1365 1089 σφαγᾶς.

100 1106 205 1148 Alia
222 1113 287 1148 est
307 1107 464 1148 Phoen.
488 1119 567 1161 301
588 1114 630 1148 et
647 1121 740 1160 sqq.
760 1107 880 1147 ratio.
944 1106 1011 1147 Ibi
1028 1107 1198 1160 saepius
1220 1106 1427 1146 iterantur

99 1183 304 1229 quattuor
328 1190 484 1225 versus,
514 1176 685 1217 dochm.
715 1189 917 1226 monom„
945 1175 1117 1216 dochm.
1147 1176 1263 1223 dim„
1292 1174 1422 1214 iamb.

98 1245 225 1296 trim.‚
263 1246 393 1287 iamb.
431 1246 534 1286 dim.
613 1246 731 1299 Ergo
772 1251 978 1298 quattuor
1020 1244 1197 1286 adhibui
1235 1245 1426 1285 diversas

100 1314 311 1357 εἶσθέσεις.
389 1315 477 1356 Sed
517 1316 580 1355 his
621 1315 850 1368 expeditiS,
892 1321 1119 1367 supersunt
1161 1321 1204 1355 et
1244 1313 1424 1354 aliarum

100 1384 335 1424 formarum
367 1397 538 1424 versus:
582 1393 680 1424 sunt
712 1384 811 1424 iam.
845 1383 948 1424 dim.
982 1383 1120 1434 catal„
1151 1390 1251 1423 sunt
1282 1381 1425 1422 cretici

98 1453 282 1501 dimetri,
304 1461 402 1494 sunt
425 1466 510 1493 uno
534 1453 628 1493 loco
650 1452 794 1493 cretici
818 1453 1053 1505 quinque÷
1068 1453 1199 1493 iamb.
1223 1464 1426 1500 monom,

99 1535 207 1574 quos
228 1521 346 1562 velut
370 1522 475 1562 duos
498 1528 599 1562 eret.
622 1521 725 1562 dim.
740 1530 772 1563 -Ι-
787 1522 922 1561 troch.
947 1521 1050 1561 dim.
1072 1521 1194 1562 catal.
1219 1521 1355 1561 divisi.

158 1591 301 1631 Paene
322 1604 493 1644 semper
516 1591 557 1630 in
580 1590 757 1631 canticis
786 1590 1022 1643 Euripideis
1045 1590 1319 1631 inveniuntur
1342 1602 1424 1629 una

97 1659 162 1699 vel
186 1660 296 1700 duae
320 1660 445 1700 metri
469 1659 634 1700 formae
656 1673 730 1712 per
750 1666 894 1700 totum
919 1673 1091 1700 carmen
1115 1658 1425 1700 mutationibus

97 1728 262 1769 levibus
295 1728 496 1769 iteratae:
534 1729 608 1769 sed
642 1728 705 1768 his
737 1729 958 1769 interiecta
991 1729 1136 1770 insunt
1167 1729 1312 1777 etiam,
1345 1727 1425 1768 nisi

97 1798 234 1849 fallor,
250 1798 333 1839 alia
350 1799 472 1851 quasi
490 1799 731 1851 fragmenta
745 1813 957 1847 versuum,
975 1813 1158 1852 quorum
1183 1799 1235 1839 cle
1257 1798 1423 1851 generi-

98 1869 177 1907 bus
199 1867 377 1920 longum
401 1874 463 1908 est
486 1881 564 1908 nec
591 1868 690 1908 huic
719 1869 814 1909 loco
843 1874 995 1922 aptum
1020 1869 1235 1908 disserere.
1301 1866 1424 1914 Sunt,

97 1937 236 1985 credo,
274 1937 314 1976 in
352 1937 507 1989 quibus
549 1936 743 1989 syllabae
785 1938 969 1977 omissae
1009 1937 1120 1977 saltu
1157 1936 1423 1990 supplendae

96 2012 230 2046 erant.
292 2005 500 2058 Exempli
539 2006 678 2058 gratia
710 2006 810 2046 vide
850 2005 1084 2058 glyconeos
1121 2019 1279 2054 versus,
1318 2005 1423 2058 Hip.

101 2082 179 2126 125
222 2080 264 2114 et
306 2088 400 2127 sqq.
437 2074 509 2114 ubi
543 2088 581 2114 v.
620 2082 698 2127 125
737 2087 819 2114 una
861 2074 989 2127 longa
1030 2074 1189 2115 omissa
1226 2081 1302 2122 est,
1344 2073 1423 2114 126

99 2142 310 2195 dactylus,
349 2151 425 2193 127
465 2142 676 2196 dactylus,
716 2143 794 2183 128
829 2143 1130 2192 choriambus;
1172 2150 1266 2183 tum
1302 2141 1424 2196 quasi

96 2212 242 2252 animo
267 2217 417 2264 poetae
445 2218 542 2265 post
571 2218 692 2253 tanta
720 2219 897 2265 peccata
926 2213 982 2253 ad
1011 2219 1170 2253 rectam
1195 2212 1424 2252 festinante

96 2281 221 2328 viam,
246 2281 344 2321 iusti
366 2294 500 2333 usque
529 2282 583 2321 ad
615 2281 743 2321 finem
771 2281 985 2334 glyconei.
1060 2281 1171 2323 Sunt
1201 2281 1284 2322 alia
1312 2295 1423 2334 quae

95 2351 311 2391 iuncturas
340 2349 503 2390 faciunt
540 2350 648 2390 inter
671 2363 814 2390 versus
844 2350 1045 2398 diversos,
1067 2350 1133 2390 vel
1156 2350 1228 2402 qui
1258 2350 1424 2390 diverse

743 2431 779 2455 Vl
