<?xml version="1.0" encoding="UTF-8"?>
<!DOCTYPE html PUBLIC "-//W3C//DTD XHTML 1.0 Transitional//EN"
    "http://www.w3.org/TR/xhtml1/DTD/xhtml1-transitional.dtd">
<html xmlns="http://www.w3.org/1999/xhtml" xml:lang="en" lang="en">
 <head>
  <title>
</title>
<meta http-equiv="Content-Type" content="text/html;charset=utf-8" />
  <meta name='ocr-system' content='tesseract 3.04.00' />
  <meta name='ocr-capabilities' content='ocr_page ocr_carea ocr_par ocr_line ocrx_word'/>
</head>
<body>
  <div class='ocr_page' id='page_1' title='image "./euripidisfabulae03euriuoft_0173.png"; bbox 0 0 1658 2740; ppageno 0'>
   <div class='ocr_carea' id='block_1_1' title="bbox 655 129 946 166">
    <p class='ocr_par' dir='ltr' id='par_1_1' title="bbox 655 129 946 166">
     <span class='ocr_line' id='line_1_1' title="bbox 655 129 946 166; baseline 0 0"><span class='ocrx_word' id='word_1_1' title='bbox 655 129 946 166; x_wconf 81' lang='grc' dir='ltr'>ΟΡΕΣΤΗΣ</span> 
     </span>
    </p>
   </div>
   <div class='ocr_carea' id='block_1_2' title="bbox 271 232 1466 753">
    <p class='ocr_par' dir='ltr' id='par_1_2' title="bbox 271 232 1466 753">
     <span class='ocr_line' id='line_1_2' title="bbox 372 232 1136 285; baseline 0.003 -12"><span class='ocrx_word' id='word_1_2' title='bbox 372 232 561 283; x_wconf 79' lang='grc' dir='ltr'>τεκομένα</span> <span class='ocrx_word' id='word_1_3' title='bbox 586 250 631 283; x_wconf 90' lang='grc' dir='ltr'>με</span> <span class='ocrx_word' id='word_1_4' title='bbox 657 236 790 285; x_wconf 77' lang='grc' dir='ltr'>μᾶτερ,</span> <span class='ocrx_word' id='word_1_5' title='bbox 818 233 895 273; x_wconf 82' lang='grc' dir='ltr'>ἀπὸ</span> <span class='ocrx_word' id='word_1_6' title='bbox 920 233 954 272; x_wconf 85' lang='grc' dir='ltr'>δ’</span> <span class='ocrx_word' id='word_1_7' title='bbox 980 234 1136 275; x_wconf 88' lang='grc' dir='ltr'>ὤλεσας</span> 
     </span>
     <span class='ocr_line' id='line_1_3' title="bbox 376 299 1289 352; baseline 0.002 -13"><span class='ocrx_word' id='word_1_8' title='bbox 376 300 521 350; x_wconf 83' lang='grc' dir='ltr'>πατέρα</span> <span class='ocrx_word' id='word_1_9' title='bbox 546 299 662 340; x_wconf 77' lang='grc' dir='ltr'>τέκνα</span> <span class='ocrx_word' id='word_1_10' title='bbox 685 317 727 340; x_wconf 94' lang='grc' dir='ltr'>τε</span> <span class='ocrx_word' id='word_1_11' title='bbox 752 300 843 339; x_wconf 77' lang='grc' dir='ltr'>τάδε</span> <span class='ocrx_word' id='word_1_12' title='bbox 870 299 989 340; x_wconf 81' lang='grc' dir='ltr'>σέθεν</span> <span class='ocrx_word' id='word_1_13' title='bbox 1015 299 1086 352; x_wconf 83' lang='grc' dir='ltr'>ἀφ’</span> <span class='ocrx_word' id='word_1_14' title='bbox 1112 301 1289 351; x_wconf 84' lang='grc' dir='ltr'>αἵματος·</span> 
     </span>
     <span class='ocr_line' id='line_1_4' title="bbox 438 366 1466 417; baseline 0 -11"><span class='ocrx_word' id='word_1_15' title='bbox 438 366 597 416; x_wconf 83' lang='grc' dir='ltr'>ὀλόμεθ’</span> <span class='ocrx_word' id='word_1_16' title='bbox 624 366 836 411; x_wconf 84' lang='grc' dir='ltr'>ἰσονέκυες,</span> <span class='ocrx_word' id='word_1_17' title='bbox 864 367 1051 417; x_wconf 79' lang='grc' dir='ltr'>ὀλόμεθα.</span> <span class='ocrx_word' id='word_1_18' title='bbox 1404 380 1466 402; x_wconf 74' lang='lat'>200</span> 
     </span>
     <span class='ocr_line' id='line_1_5' title="bbox 372 432 1272 486; baseline 0 -14"><span class='ocrx_word' id='word_1_19' title='bbox 372 434 423 472; x_wconf 85' lang='grc' dir='ltr'>σύ</span> <span class='ocrx_word' id='word_1_20' title='bbox 447 451 488 473; x_wconf 89' lang='grc' dir='ltr'>τε</span> <span class='ocrx_word' id='word_1_21' title='bbox 513 435 587 485; x_wconf 79' lang='grc' dir='ltr'>γὰρ</span> <span class='ocrx_word' id='word_1_22' title='bbox 614 434 656 473; x_wconf 84' lang='grc' dir='ltr'>ἐν</span> <span class='ocrx_word' id='word_1_23' title='bbox 682 437 845 484; x_wconf 81' lang='grc' dir='ltr'>νεκροῖς,</span> <span class='ocrx_word' id='word_1_24' title='bbox 872 434 918 472; x_wconf 87' lang='grc' dir='ltr'>τό</span> <span class='ocrx_word' id='word_1_25' title='bbox 941 432 974 473; x_wconf 80' lang='grc' dir='ltr'>τ’</span> <span class='ocrx_word' id='word_1_26' title='bbox 999 435 1094 484; x_wconf 79' lang='grc' dir='ltr'>ε’μόν</span> <span class='ocrx_word' id='word_1_27' title='bbox 1119 435 1272 486; x_wconf 82' lang='grc' dir='ltr'>οἴχεται</span> 
     </span>
     <span class='ocr_line' id='line_1_6' title="bbox 271 498 1374 553; baseline -0.002 -12"><span class='ocrx_word' id='word_1_28' title='bbox 271 502 364 550; x_wconf 73' lang='grc' dir='ltr'>βίου</span> <span class='ocrx_word' id='word_1_29' title='bbox 389 499 434 539; x_wconf 87' lang='grc' dir='ltr'>τὸ</span> <span class='ocrx_word' id='word_1_30' title='bbox 459 498 580 539; x_wconf 86' lang='grc' dir='ltr'>πλέον</span> <span class='ocrx_word' id='word_1_31' title='bbox 604 498 721 551; x_wconf 85' lang='grc' dir='ltr'>μέρος</span> <span class='ocrx_word' id='word_1_32' title='bbox 748 501 789 540; x_wconf 88' lang='grc' dir='ltr'>ἐν</span> <span class='ocrx_word' id='word_1_33' title='bbox 816 501 1060 553; x_wconf 80' lang='grc' dir='ltr'>στοναχαῖσί</span> <span class='ocrx_word' id='word_1_34' title='bbox 1083 517 1125 541; x_wconf 88' lang='grc' dir='ltr'>τε</span> <span class='ocrx_word' id='word_1_35' title='bbox 1153 500 1215 540; x_wconf 85' lang='grc' dir='ltr'>καὶ</span> <span class='ocrx_word' id='word_1_36' title='bbox 1240 500 1374 551; x_wconf 76' lang='grc' dir='ltr'>γόοισι</span> 
     </span>
     <span class='ocr_line' id='line_1_7' title="bbox 436 565 1461 619; baseline 0.005 -14"><span class='ocrx_word' id='word_1_37' title='bbox 436 565 603 618; x_wconf 86' lang='grc' dir='ltr'>δάκρυσί</span> <span class='ocrx_word' id='word_1_38' title='bbox 624 565 658 605; x_wconf 92' lang='grc' dir='ltr'>τ’</span> <span class='ocrx_word' id='word_1_39' title='bbox 683 567 887 619; x_wconf 80' lang='grc' dir='ltr'>ἐννυχίοις,</span> <span class='ocrx_word' id='word_1_40' title='bbox 917 567 1068 619; x_wconf 83' lang='grc' dir='ltr'>ἄγαμος</span> <span class='ocrx_word' id='word_1_41' title='bbox 1398 580 1461 610; x_wconf 87' lang='lat'>²05</span> 
     </span>
     <span class='ocr_line' id='line_1_8' title="bbox 502 631 1150 685; baseline 0 -12"><span class='ocrx_word' id='word_1_42' title='bbox 502 631 581 684; x_wconf 81' lang='grc' dir='ltr'>[ἐπὶ</span> <span class='ocrx_word' id='word_1_43' title='bbox 607 631 655 685; x_wconf 81' lang='grc' dir='ltr'>δ’]</span> <span class='ocrx_word' id='word_1_44' title='bbox 681 632 842 675; x_wconf 80' lang='grc' dir='ltr'>ἄτεκνος</span> <span class='ocrx_word' id='word_1_45' title='bbox 867 632 935 674; x_wconf 81' lang='grc' dir='ltr'>ἅτε</span> <span class='ocrx_word' id='word_1_46' title='bbox 960 635 1100 683; x_wconf 82' lang='grc' dir='ltr'>βίοτον</span> <span class='ocrx_word' id='word_1_47' title='bbox 1126 635 1150 673; x_wconf 82' lang='grc' dir='ltr'><strong>ἁ</strong></span> 
     </span>
     <span class='ocr_line' id='line_1_9' title="bbox 436 699 1153 753; baseline 0.001 -13"><span class='ocrx_word' id='word_1_48' title='bbox 436 699 576 750; x_wconf 90' lang='grc' dir='ltr'>μέλεος</span> <span class='ocrx_word' id='word_1_49' title='bbox 602 701 641 741; x_wconf 87' lang='grc' dir='ltr'>ἐς</span> <span class='ocrx_word' id='word_1_50' title='bbox 666 699 734 740; x_wconf 83' lang='grc' dir='ltr'>τὸν</span> <span class='ocrx_word' id='word_1_51' title='bbox 760 701 843 740; x_wconf 80' lang='grc' dir='ltr'>αἰὲν</span> <span class='ocrx_word' id='word_1_52' title='bbox 869 701 970 740; x_wconf 83' lang='grc' dir='ltr'>ἕλκω</span> <span class='ocrx_word' id='word_1_53' title='bbox 996 701 1153 753; x_wconf 78' lang='grc' dir='ltr'>χρόνον.</span> 
     </span>
    </p>
   </div>
   <div class='ocr_carea' id='block_1_3' title="bbox 139 799 1468 2122">
    <p class='ocr_par' dir='ltr' id='par_1_3' title="bbox 139 799 1468 2122">
     <span class='ocr_line' id='line_1_10' title="bbox 139 799 1122 853; baseline 0.001 -13"><span class='ocrx_word' id='word_1_54' title='bbox 139 804 209 842; x_wconf 76' lang='grc' dir='ltr'>Χο.</span> <span class='ocrx_word' id='word_1_55' title='bbox 237 802 309 853; x_wconf 88' lang='grc' dir='ltr'>ὅρα</span> <span class='ocrx_word' id='word_1_56' title='bbox 334 804 526 852; x_wconf 87' lang='grc' dir='ltr'>παροῦσα,</span> <span class='ocrx_word' id='word_1_57' title='bbox 553 799 712 852; x_wconf 83' lang='grc' dir='ltr'>παρθέν’</span> <span class='ocrx_word' id='word_1_58' title='bbox 740 799 956 851; x_wconf 84' lang='grc' dir='ltr'>Ἠλέκτρα,</span> <span class='ocrx_word' id='word_1_59' title='bbox 984 799 1122 846; x_wconf 85' lang='grc' dir='ltr'>πέλας,</span> 
     </span>
     <span class='ocr_line' id='line_1_11' title="bbox 235 866 1078 919; baseline 0 -12"><span class='ocrx_word' id='word_1_60' title='bbox 235 868 287 918; x_wconf 82' lang='grc' dir='ltr'>μὴ</span> <span class='ocrx_word' id='word_1_61' title='bbox 316 868 516 908; x_wconf 83' lang='grc' dir='ltr'>κατθανών</span> <span class='ocrx_word' id='word_1_62' title='bbox 542 885 587 907; x_wconf 93' lang='grc' dir='ltr'>σε</span> <span class='ocrx_word' id='word_1_63' title='bbox 614 867 810 919; x_wconf 82' lang='grc' dir='ltr'>σύγγονος</span> <span class='ocrx_word' id='word_1_64' title='bbox 835 866 973 916; x_wconf 79' lang='grc' dir='ltr'>λέληθ’</span> <span class='ocrx_word' id='word_1_65' title='bbox 999 868 1078 907; x_wconf 83' lang='grc' dir='ltr'>ὅδε·</span> 
     </span>
     <span class='ocr_line' id='line_1_12' title="bbox 236 932 1464 988; baseline 0 -15"><span class='ocrx_word' id='word_1_66' title='bbox 236 935 280 975; x_wconf 83' lang='grc' dir='ltr'>οὐ</span> <span class='ocrx_word' id='word_1_67' title='bbox 306 934 378 987; x_wconf 75' lang='grc' dir='ltr'>γάρ</span> <span class='ocrx_word' id='word_1_68' title='bbox 404 934 443 984; x_wconf 88' lang='grc' dir='ltr'>μ’</span> <span class='ocrx_word' id='word_1_69' title='bbox 469 933 626 985; x_wconf 85' lang='grc' dir='ltr'>ἀρέσκει</span> <span class='ocrx_word' id='word_1_70' title='bbox 650 938 703 988; x_wconf 80' lang='grc' dir='ltr'>τῷ</span> <span class='ocrx_word' id='word_1_71' title='bbox 729 934 821 974; x_wconf 88' lang='grc' dir='ltr'>λίαν</span> <span class='ocrx_word' id='word_1_72' title='bbox 844 932 1079 988; x_wconf 82' lang='grc' dir='ltr'>παρειμένῳ.</span> <span class='ocrx_word' id='word_1_73' title='bbox 1401 947 1464 969; x_wconf 80' lang='lat'>210</span> 
     </span>
     <span class='ocr_line' id='line_1_13' title="bbox 139 1020 371 1050; baseline -0.009 0"><span class='ocrx_word' id='word_1_74' title='bbox 139 1020 371 1050; x_wconf 81' lang='grc' dir='ltr'>ΟΡΕΣΤΗΣ</span> 
     </span>
     <span class='ocr_line' id='line_1_14' title="bbox 237 1077 1209 1131; baseline -0.001 -12"><span class='ocrx_word' id='word_1_75' title='bbox 237 1077 266 1119; x_wconf 77' lang='grc' dir='ltr'><strong>ὦ</strong></span> <span class='ocrx_word' id='word_1_76' title='bbox 292 1080 414 1131; x_wconf 88' lang='grc' dir='ltr'>φίλον</span> <span class='ocrx_word' id='word_1_77' title='bbox 438 1079 560 1119; x_wconf 79' lang='grc' dir='ltr'>ὕπνου</span> <span class='ocrx_word' id='word_1_78' title='bbox 585 1077 816 1130; x_wconf 79' lang='grc' dir='ltr'>θέλγητρον,</span> <span class='ocrx_word' id='word_1_79' title='bbox 844 1079 1049 1131; x_wconf 87' lang='grc' dir='ltr'>ἐπίκουρον</span> <span class='ocrx_word' id='word_1_80' title='bbox 1075 1078 1209 1124; x_wconf 85' lang='grc' dir='ltr'>νόσου,</span> 
     </span>
     <span class='ocr_line' id='line_1_15' title="bbox 237 1143 1061 1197; baseline -0.001 -12"><span class='ocrx_word' id='word_1_81' title='bbox 237 1146 288 1187; x_wconf 87' lang='grc' dir='ltr'>ὡς</span> <span class='ocrx_word' id='word_1_82' title='bbox 312 1145 383 1196; x_wconf 85' lang='grc' dir='ltr'>ἡδύ</span> <span class='ocrx_word' id='word_1_83' title='bbox 406 1162 472 1195; x_wconf 88' lang='grc' dir='ltr'>μοι</span> <span class='ocrx_word' id='word_1_84' title='bbox 497 1147 825 1196; x_wconf 77' lang='grc' dir='ltr'>προσῆλθες-ἐν</span> <span class='ocrx_word' id='word_1_85' title='bbox 850 1143 982 1185; x_wconf 86' lang='grc' dir='ltr'>δέοντί</span> <span class='ocrx_word' id='word_1_86' title='bbox 1002 1162 1061 1197; x_wconf 82' lang='grc' dir='ltr'>γε.</span> 
     </span>
     <span class='ocr_line' id='line_1_16' title="bbox 237 1210 1111 1263; baseline -0.001 -11"><span class='ocrx_word' id='word_1_87' title='bbox 237 1210 267 1252; x_wconf 76' lang='grc' dir='ltr'><em>ὦ</em></span> <span class='ocrx_word' id='word_1_88' title='bbox 294 1212 434 1252; x_wconf 85' lang='grc' dir='ltr'>πότνια</span> <span class='ocrx_word' id='word_1_89' title='bbox 461 1210 569 1261; x_wconf 69' lang='grc' dir='ltr'>Λήθη</span> <span class='ocrx_word' id='word_1_90' title='bbox 596 1215 674 1252; x_wconf 90' lang='grc' dir='ltr'>τῶν</span> <span class='ocrx_word' id='word_1_91' title='bbox 701 1215 840 1257; x_wconf 85' lang='grc' dir='ltr'>κακῶν,</span> <span class='ocrx_word' id='word_1_92' title='bbox 867 1211 918 1252; x_wconf 86' lang='grc' dir='ltr'>ὡς</span> <span class='ocrx_word' id='word_1_93' title='bbox 945 1211 982 1251; x_wconf 77' lang='grc' dir='ltr'>εἶ</span> <span class='ocrx_word' id='word_1_94' title='bbox 1003 1211 1111 1263; x_wconf 76' lang='grc' dir='ltr'>σοφὴ</span> 
     </span>
     <span class='ocr_line' id='line_1_17' title="bbox 239 1278 1030 1331; baseline 0 -13"><span class='ocrx_word' id='word_1_95' title='bbox 239 1279 300 1318; x_wconf 83' lang='grc' dir='ltr'>καὶ</span> <span class='ocrx_word' id='word_1_96' title='bbox 325 1282 431 1318; x_wconf 84' lang='grc' dir='ltr'>τοῖσι</span> <span class='ocrx_word' id='word_1_97' title='bbox 456 1281 721 1331; x_wconf 83' lang='grc' dir='ltr'>δυστυχοῦσιν</span> <span class='ocrx_word' id='word_1_98' title='bbox 748 1278 905 1318; x_wconf 84' lang='grc' dir='ltr'>εὐκταία</span> <span class='ocrx_word' id='word_1_99' title='bbox 930 1278 1030 1320; x_wconf 92' lang='grc' dir='ltr'>θεός.</span> 
     </span>
     <span class='ocr_line' id='line_1_18' title="bbox 304 1343 1463 1397; baseline -0.005 -11"><span class='ocrx_word' id='word_1_100' title='bbox 304 1345 425 1386; x_wconf 90' lang='grc' dir='ltr'>πόθεν</span> <span class='ocrx_word' id='word_1_101' title='bbox 449 1343 535 1385; x_wconf 82' lang='grc' dir='ltr'>ποτ’</span> <span class='ocrx_word' id='word_1_102' title='bbox 561 1343 684 1394; x_wconf 80' lang='grc' dir='ltr'>ἦλθον</span> <span class='ocrx_word' id='word_1_103' title='bbox 709 1347 840 1397; x_wconf 88' lang='grc' dir='ltr'>δεῦρο;</span> <span class='ocrx_word' id='word_1_104' title='bbox 878 1348 960 1386; x_wconf 88' lang='grc' dir='ltr'>πῶς</span> <span class='ocrx_word' id='word_1_105' title='bbox 983 1344 1016 1384; x_wconf 86' lang='grc' dir='ltr'>δ’</span> <span class='ocrx_word' id='word_1_106' title='bbox 1041 1345 1260 1396; x_wconf 89' lang='grc' dir='ltr'>ἀφικόμην;</span> <span class='ocrx_word' id='word_1_107' title='bbox 1402 1357 1463 1388; x_wconf 80' lang='lat'>215</span> 
     </span>
     <span class='ocr_line' id='line_1_19' title="bbox 238 1410 1260 1464; baseline -0.001 -12"><span class='ocrx_word' id='word_1_108' title='bbox 238 1412 447 1463; x_wconf 84' lang='grc' dir='ltr'>ἀμνημονῶ</span> <span class='ocrx_word' id='word_1_109' title='bbox 474 1410 560 1463; x_wconf 85' lang='grc' dir='ltr'>γάρ,</span> <span class='ocrx_word' id='word_1_110' title='bbox 587 1414 666 1452; x_wconf 86' lang='grc' dir='ltr'>τῶν</span> <span class='ocrx_word' id='word_1_111' title='bbox 690 1412 781 1463; x_wconf 85' lang='grc' dir='ltr'>πρὶν</span> <span class='ocrx_word' id='word_1_112' title='bbox 805 1411 1066 1463; x_wconf 86' lang='grc' dir='ltr'>ἀπολειφθεὶς</span> <span class='ocrx_word' id='word_1_113' title='bbox 1092 1415 1260 1464; x_wconf 86' lang='grc' dir='ltr'>φρενῶν.</span> 
     </span>
     <span class='ocr_line' id='line_1_20' title="bbox 142 1476 1242 1531; baseline 0 -13"><span class='ocrx_word' id='word_1_114' title='bbox 142 1482 220 1519; x_wconf 58' lang='lat' dir='ltr'>HA.</span> <span class='ocrx_word' id='word_1_115' title='bbox 238 1476 267 1518; x_wconf 74' lang='grc' dir='ltr'><em>ὦ</em></span> <span class='ocrx_word' id='word_1_116' title='bbox 293 1477 467 1531; x_wconf 84' lang='grc' dir='ltr'>φίλταθ’,</span> <span class='ocrx_word' id='word_1_117' title='bbox 498 1478 550 1519; x_wconf 86' lang='grc' dir='ltr'>ὥς</span> <span class='ocrx_word' id='word_1_118' title='bbox 573 1477 613 1529; x_wconf 90' lang='grc' dir='ltr'>μ’</span> <span class='ocrx_word' id='word_1_119' title='bbox 639 1479 842 1531; x_wconf 82' lang='grc' dir='ltr'>ηὔφρανας</span> <span class='ocrx_word' id='word_1_120' title='bbox 868 1479 922 1520; x_wconf 85' lang='grc' dir='ltr'>εἰς</span> <span class='ocrx_word' id='word_1_121' title='bbox 945 1479 1069 1519; x_wconf 83' lang='grc' dir='ltr'>ὕπνον</span> <span class='ocrx_word' id='word_1_122' title='bbox 1094 1479 1242 1519; x_wconf 82' lang='grc' dir='ltr'>πεσών.</span> 
     </span>
     <span class='ocr_line' id='line_1_21' title="bbox 238 1544 1064 1601; baseline 0.001 -16"><span class='ocrx_word' id='word_1_123' title='bbox 238 1545 368 1601; x_wconf 83' lang='grc' dir='ltr'>βούλῃ</span> <span class='ocrx_word' id='word_1_124' title='bbox 395 1546 492 1597; x_wconf 86' lang='grc' dir='ltr'>θίγω</span> <span class='ocrx_word' id='word_1_125' title='bbox 519 1561 593 1585; x_wconf 89' lang='grc' dir='ltr'>σου</span> <span class='ocrx_word' id='word_1_126' title='bbox 617 1546 898 1597; x_wconf 86' lang='grc' dir='ltr'>κάνακουφίσω</span> <span class='ocrx_word' id='word_1_127' title='bbox 925 1544 1064 1596; x_wconf 87' lang='grc' dir='ltr'>δέμας;</span> 
     </span>
     <span class='ocr_line' id='line_1_22' title="bbox 139 1611 1127 1664; baseline 0.001 -13"><span class='ocrx_word' id='word_1_128' title='bbox 139 1616 211 1664; x_wconf 91' lang='grc' dir='ltr'>Ορ.</span> <span class='ocrx_word' id='word_1_129' title='bbox 238 1615 370 1662; x_wconf 76' lang='grc' dir='ltr'>λαβοῦ</span> <span class='ocrx_word' id='word_1_130' title='bbox 393 1615 523 1663; x_wconf 79' lang='grc' dir='ltr'>λαβοῦ</span> <span class='ocrx_word' id='word_1_131' title='bbox 549 1611 643 1662; x_wconf 86' lang='grc' dir='ltr'>δῆτ’,</span> <span class='ocrx_word' id='word_1_132' title='bbox 671 1613 713 1652; x_wconf 84' lang='grc' dir='ltr'>ἐκ</span> <span class='ocrx_word' id='word_1_133' title='bbox 739 1611 770 1652; x_wconf 82' lang='grc' dir='ltr'>δ’</span> <span class='ocrx_word' id='word_1_134' title='bbox 795 1611 962 1664; x_wconf 83' lang='grc' dir='ltr'>ὄμορξον</span> <span class='ocrx_word' id='word_1_135' title='bbox 987 1613 1127 1653; x_wconf 85' lang='grc' dir='ltr'>ἀθλίου</span> 
     </span>
     <span class='ocr_line' id='line_1_23' title="bbox 240 1677 1464 1731; baseline 0.001 -13"><span class='ocrx_word' id='word_1_136' title='bbox 240 1679 435 1730; x_wconf 86' lang='grc' dir='ltr'>στόματος</span> <span class='ocrx_word' id='word_1_137' title='bbox 461 1679 623 1731; x_wconf 86' lang='grc' dir='ltr'>ἀφρώδη</span> <span class='ocrx_word' id='word_1_138' title='bbox 651 1677 824 1719; x_wconf 88' lang='grc' dir='ltr'>πέλανον</span> <span class='ocrx_word' id='word_1_139' title='bbox 850 1678 1034 1730; x_wconf 85' lang='grc' dir='ltr'>ὀμμάτων</span> <span class='ocrx_word' id='word_1_140' title='bbox 1058 1678 1092 1718; x_wconf 83' lang='grc' dir='ltr'>τ’</span> <span class='ocrx_word' id='word_1_141' title='bbox 1118 1680 1232 1730; x_wconf 83' lang='grc' dir='ltr'>ἐμῶν.</span> <span class='ocrx_word' id='word_1_142' title='bbox 1400 1691 1464 1713; x_wconf 78' lang='lat'>220</span> 
     </span>
     <span class='ocr_line' id='line_1_24' title="bbox 141 1744 1088 1796; baseline -0.001 -10"><span class='ocrx_word' id='word_1_143' title='bbox 141 1750 218 1786; x_wconf 83' lang='grc' dir='ltr'>Ηλ.</span> <span class='ocrx_word' id='word_1_144' title='bbox 241 1746 336 1786; x_wconf 81' lang='grc' dir='ltr'>ἰδού·</span> <span class='ocrx_word' id='word_1_145' title='bbox 373 1745 417 1785; x_wconf 90' lang='grc' dir='ltr'>τὸ</span> <span class='ocrx_word' id='word_1_146' title='bbox 443 1744 625 1796; x_wconf 82' lang='grc' dir='ltr'>δούλευμ’</span> <span class='ocrx_word' id='word_1_147' title='bbox 649 1745 734 1795; x_wconf 85' lang='grc' dir='ltr'>ἡδύ,</span> <span class='ocrx_word' id='word_1_148' title='bbox 763 1745 853 1785; x_wconf 84' lang='grc' dir='ltr'>κούκ</span> <span class='ocrx_word' id='word_1_149' title='bbox 878 1745 1088 1795; x_wconf 82' lang='grc' dir='ltr'>ἀναίνομαι</span> 
     </span>
     <span class='ocr_line' id='line_1_25' title="bbox 240 1811 1086 1868; baseline -0.002 -15"><span class='ocrx_word' id='word_1_150' title='bbox 240 1811 383 1865; x_wconf 86' lang='grc' dir='ltr'>ἀδέλφ’</span> <span class='ocrx_word' id='word_1_151' title='bbox 409 1813 565 1868; x_wconf 78' lang='grc' dir='ltr'>ἀδελφῇ</span> <span class='ocrx_word' id='word_1_152' title='bbox 589 1811 693 1864; x_wconf 83' lang='grc' dir='ltr'>χειρὶ</span> <span class='ocrx_word' id='word_1_153' title='bbox 719 1812 947 1863; x_wconf 86' lang='grc' dir='ltr'>θεραπεύειν</span> <span class='ocrx_word' id='word_1_154' title='bbox 971 1811 1086 1862; x_wconf 85' lang='grc' dir='ltr'>μέλη.</span> 
     </span>
     <span class='ocr_line' id='line_1_26' title="bbox 139 1877 1205 1932; baseline -0.002 -12"><span class='ocrx_word' id='word_1_155' title='bbox 139 1883 212 1932; x_wconf 90' lang='grc' dir='ltr'>Ορ.</span> <span class='ocrx_word' id='word_1_156' title='bbox 239 1880 422 1930; x_wconf 80' lang='grc' dir='ltr'>ὑπόβαλε</span> <span class='ocrx_word' id='word_1_157' title='bbox 448 1881 630 1930; x_wconf 83' lang='grc' dir='ltr'>πλευροῖς</span> <span class='ocrx_word' id='word_1_158' title='bbox 656 1877 818 1930; x_wconf 84' lang='grc' dir='ltr'>πλευρά,</span> <span class='ocrx_word' id='word_1_159' title='bbox 848 1877 1054 1931; x_wconf 80' lang='grc' dir='ltr'>καύχμώδη</span> <span class='ocrx_word' id='word_1_160' title='bbox 1082 1878 1205 1929; x_wconf 92' lang='grc' dir='ltr'>κόμην</span> 
     </span>
     <span class='ocr_line' id='line_1_27' title="bbox 237 1944 1239 1998; baseline -0.003 -11"><span class='ocrx_word' id='word_1_161' title='bbox 237 1946 366 1998; x_wconf 85' lang='grc' dir='ltr'>ἄφελε</span> <span class='ocrx_word' id='word_1_162' title='bbox 392 1946 617 1997; x_wconf 84' lang='grc' dir='ltr'>προσώπου·</span> <span class='ocrx_word' id='word_1_163' title='bbox 655 1946 783 1985; x_wconf 82' lang='grc' dir='ltr'>λεπτὰ</span> <span class='ocrx_word' id='word_1_164' title='bbox 806 1945 881 1996; x_wconf 80' lang='grc' dir='ltr'>γὰρ</span> <span class='ocrx_word' id='word_1_165' title='bbox 906 1944 1068 1985; x_wconf 88' lang='grc' dir='ltr'>λεύσσω</span> <span class='ocrx_word' id='word_1_166' title='bbox 1096 1945 1239 1996; x_wconf 85' lang='grc' dir='ltr'>κόραις.</span> 
     </span>
     <span class='ocr_line' id='line_1_28' title="bbox 185 2035 1468 2081; baseline -0.004 -9"><span class='ocrx_word' id='word_1_167' title='bbox 185 2051 246 2081; x_wconf 88' lang='lat'>199</span> <span class='ocrx_word' id='word_1_168' title='bbox 269 2054 307 2072; x_wconf 79' lang='grc' dir='ltr'>τε</span> <span class='ocrx_word' id='word_1_169' title='bbox 323 2050 388 2072; x_wconf 85' lang='lat' dir='ltr'>om.</span> <span class='ocrx_word' id='word_1_170' title='bbox 407 2040 438 2070; x_wconf 88' lang='lat' dir='ltr'><strong>A</strong></span> <span class='ocrx_word' id='word_1_171' title='bbox 451 2040 476 2070; x_wconf 87' lang='lat' dir='ltr'>L</span> <span class='ocrx_word' id='word_1_172' title='bbox 573 2049 637 2070; x_wconf 81' lang='lat'>200</span> <span class='ocrx_word' id='word_1_173' title='bbox 660 2037 811 2077; x_wconf 81' lang='grc' dir='ltr'>ὀλόμεσθ’</span> <span class='ocrx_word' id='word_1_174' title='bbox 828 2036 860 2067; x_wconf 93' lang='grc' dir='ltr'>Α</span> <span class='ocrx_word' id='word_1_175' title='bbox 935 2035 1063 2076; x_wconf 82' lang='grc' dir='ltr'>ὀλόμεθ’</span> <span class='ocrx_word' id='word_1_176' title='bbox 1081 2036 1209 2076; x_wconf 82' lang='grc' dir='ltr'>ὀλόμεθ’</span> <span class='ocrx_word' id='word_1_177' title='bbox 1227 2037 1299 2068; x_wconf 81' lang='grc' dir='ltr'>ἶσον</span> <span class='ocrx_word' id='word_1_178' title='bbox 1317 2035 1424 2068; x_wconf 78' lang='grc' dir='ltr'>νέκυες</span> <span class='ocrx_word' id='word_1_179' title='bbox 1439 2035 1468 2076; x_wconf 70' lang='lat' dir='ltr'>V</span> 
     </span>
     <span class='ocr_line' id='line_1_29' title="bbox 139 2079 1467 2122; baseline -0.005 -8"><span class='ocrx_word' id='word_1_180' title='bbox 139 2095 199 2116; x_wconf 87' lang='lat'>201</span> <span class='ocrx_word' id='word_1_181' title='bbox 225 2086 263 2117; x_wconf 83' lang='grc' dir='ltr'>τὸ</span> <span class='ocrx_word' id='word_1_182' title='bbox 281 2085 307 2116; x_wconf 90' lang='grc' dir='ltr'>δ’</span> <span class='ocrx_word' id='word_1_183' title='bbox 325 2084 356 2114; x_wconf 81' lang='grc' dir='ltr'>Α</span> <span class='ocrx_word' id='word_1_184' title='bbox 492 2093 555 2121; x_wconf 84' lang='grc'>204</span> <span class='ocrx_word' id='word_1_185' title='bbox 580 2084 777 2122; x_wconf 84' lang='grc' dir='ltr'>στοναχαῖσι</span> <span class='ocrx_word' id='word_1_186' title='bbox 793 2079 831 2112; x_wconf 87' lang='grc' dir='ltr'>τὲ</span> <span class='ocrx_word' id='word_1_187' title='bbox 848 2081 898 2112; x_wconf 84' lang='grc' dir='ltr'>καὶ</span> <span class='ocrx_word' id='word_1_188' title='bbox 915 2080 1004 2121; x_wconf 77' lang='grc' dir='ltr'>γόοις</span> <span class='ocrx_word' id='word_1_189' title='bbox 1020 2079 1051 2110; x_wconf 85' lang='grc' dir='ltr'>Α</span> <span class='ocrx_word' id='word_1_190' title='bbox 1068 2081 1101 2110; x_wconf 88' lang='lat' dir='ltr'>in</span> <span class='ocrx_word' id='word_1_191' title='bbox 1119 2080 1292 2119; x_wconf 83' lang='lat' dir='ltr'>margine;</span> <span class='ocrx_word' id='word_1_192' title='bbox 1319 2079 1353 2109; x_wconf 89' lang='lat' dir='ltr'>in</span> <span class='ocrx_word' id='word_1_193' title='bbox 1371 2083 1467 2109; x_wconf 78' lang='lat' dir='ltr'>textu</span> 
     </span>
    </p>
   </div>
   <div class='ocr_carea' id='block_1_4' title="bbox 139 2121 1469 2473">
    <p class='ocr_par' dir='ltr' id='par_1_4' title="bbox 139 2121 1469 2473">
     <span class='ocr_line' id='line_1_30' title="bbox 139 2121 1468 2167; baseline -0.005 -8"><span class='ocrx_word' id='word_1_194' title='bbox 139 2129 319 2159; x_wconf 76' lang='lat' dir='ltr'>omiserat:</span> <span class='ocrx_word' id='word_1_195' title='bbox 357 2129 533 2167; x_wconf 82' lang='grc' dir='ltr'>στοναχαῖς</span> <span class='ocrx_word' id='word_1_196' title='bbox 563 2126 588 2157; x_wconf 93' lang='lat' dir='ltr'>L</span> <span class='ocrx_word' id='word_1_197' title='bbox 691 2124 780 2166; x_wconf 73' lang='grc' dir='ltr'>’γόοις</span> <span class='ocrx_word' id='word_1_198' title='bbox 806 2124 905 2155; x_wconf 90' lang='lat' dir='ltr'>codd.</span> <span class='ocrx_word' id='word_1_199' title='bbox 1061 2132 1127 2161; x_wconf 82' lang='lat'>205</span> <span class='ocrx_word' id='word_1_200' title='bbox 1162 2133 1227 2154; x_wconf 89' lang='lat' dir='ltr'>om.</span> <span class='ocrx_word' id='word_1_201' title='bbox 1258 2122 1307 2153; x_wconf 85' lang='lat' dir='ltr'>P:</span> <span class='ocrx_word' id='word_1_202' title='bbox 1342 2121 1418 2152; x_wconf 87' lang='lat' dir='ltr'>add.</span> <span class='ocrx_word' id='word_1_203' title='bbox 1443 2126 1468 2162; x_wconf 86' lang='lat' dir='ltr'><em>p</em></span> 
     </span>
     <span class='ocr_line' id='line_1_31' title="bbox 140 2166 1469 2206; baseline -0.005 -4"><span class='ocrx_word' id='word_1_204' title='bbox 140 2173 204 2203; x_wconf 84' lang='lat'>206</span> <span class='ocrx_word' id='word_1_205' title='bbox 236 2172 286 2203; x_wconf 84' lang='grc' dir='ltr'>ἐπὶ</span> <span class='ocrx_word' id='word_1_206' title='bbox 318 2172 344 2203; x_wconf 85' lang='grc' dir='ltr'>δ’</span> <span class='ocrx_word' id='word_1_207' title='bbox 371 2171 417 2201; x_wconf 82' lang='lat' dir='ltr'>L:</span> <span class='ocrx_word' id='word_1_208' title='bbox 455 2171 534 2202; x_wconf 81' lang='grc' dir='ltr'>ἔπιδ’</span> <span class='ocrx_word' id='word_1_209' title='bbox 560 2170 652 2202; x_wconf 84' lang='lat' dir='ltr'>rell.:</span> <span class='ocrx_word' id='word_1_210' title='bbox 689 2169 768 2200; x_wconf 85' lang='lat' dir='ltr'><strong>secl.</strong></span> <span class='ocrx_word' id='word_1_211' title='bbox 795 2167 1036 2206; x_wconf 85' lang='lat' dir='ltr'>Wilamowitz,</span> <span class='ocrx_word' id='word_1_212' title='bbox 1069 2177 1087 2197; x_wconf 85' lang='lat' dir='ltr'><strong>e</strong></span> <span class='ocrx_word' id='word_1_213' title='bbox 1116 2171 1141 2199; x_wconf 85' lang='grc' dir='ltr'>Σ</span> <span class='ocrx_word' id='word_1_214' title='bbox 1169 2166 1349 2206; x_wconf 82' lang='lat' dir='ltr'>irrepsisse</span> <span class='ocrx_word' id='word_1_215' title='bbox 1377 2169 1469 2195; x_wconf 80' lang='lat' dir='ltr'><strong>ratus</strong></span> 
     </span>
     <span class='ocr_line' id='line_1_32' title="bbox 139 2209 1468 2255; baseline -0.004 -10"><span class='ocrx_word' id='word_1_216' title='bbox 139 2217 202 2245; x_wconf 80' lang='lat'>208</span> <span class='ocrx_word' id='word_1_217' title='bbox 228 2214 360 2255; x_wconf 83' lang='grc' dir='ltr'>παροῦσ’</span> <span class='ocrx_word' id='word_1_218' title='bbox 378 2213 542 2254; x_wconf 80' lang='grc' dir='ltr'>Ἠλέκτρα,</span> <span class='ocrx_word' id='word_1_219' title='bbox 555 2213 687 2255; x_wconf 85' lang='grc' dir='ltr'>παρθένε</span> <span class='ocrx_word' id='word_1_220' title='bbox 706 2212 861 2252; x_wconf 82' lang='lat' dir='ltr'>primitus</span> <span class='ocrx_word' id='word_1_221' title='bbox 878 2211 910 2242; x_wconf 91' lang='lat' dir='ltr'><strong>M</strong></span> <span class='ocrx_word' id='word_1_222' title='bbox 1010 2220 1070 2241; x_wconf 87' lang='lat'>211</span> <span class='ocrx_word' id='word_1_223' title='bbox 1098 2210 1194 2242; x_wconf 87' lang='grc' dir='ltr'>νόσον</span> <span class='ocrx_word' id='word_1_224' title='bbox 1214 2209 1244 2240; x_wconf 90' lang='grc' dir='ltr'>Α</span> <span class='ocrx_word' id='word_1_225' title='bbox 1343 2218 1406 2239; x_wconf 84' lang='lat'>212</span> <span class='ocrx_word' id='word_1_226' title='bbox 1429 2221 1468 2249; x_wconf 77' lang='grc' dir='ltr'>γε</span> 
     </span>
     <span class='ocr_line' id='line_1_33' title="bbox 139 2253 1468 2295; baseline -0.005 -6"><span class='ocrx_word' id='word_1_227' title='bbox 139 2259 260 2290; x_wconf 90' lang='lat' dir='ltr'>codd.:</span> <span class='ocrx_word' id='word_1_228' title='bbox 291 2272 328 2290; x_wconf 86' lang='grc' dir='ltr'>τε</span> <span class='ocrx_word' id='word_1_229' title='bbox 353 2258 446 2289; x_wconf 87' lang='lat' dir='ltr'>Stob.</span> <span class='ocrx_word' id='word_1_230' title='bbox 482 2257 512 2287; x_wconf 88' lang='lat' dir='ltr'>ss.</span> <span class='ocrx_word' id='word_1_231' title='bbox 552 2267 623 2295; x_wconf 81' lang='lat'>100,</span> <span class='ocrx_word' id='word_1_232' title='bbox 652 2266 665 2287; x_wconf 91' lang='lat'>1</span> <span class='ocrx_word' id='word_1_233' title='bbox 801 2264 863 2294; x_wconf 87' lang='lat'>215</span> <span class='ocrx_word' id='word_1_234' title='bbox 894 2258 959 2287; x_wconf 81' lang='grc' dir='ltr'>πῶς</span> <span class='ocrx_word' id='word_1_235' title='bbox 987 2253 1031 2295; x_wconf 84' lang='grc' dir='ltr'>δ’]</span> <span class='ocrx_word' id='word_1_236' title='bbox 1056 2256 1121 2286; x_wconf 83' lang='grc' dir='ltr'>πῶς</span> <span class='ocrx_word' id='word_1_237' title='bbox 1147 2254 1173 2284; x_wconf 94' lang='lat' dir='ltr'>L</span> <span class='ocrx_word' id='word_1_238' title='bbox 1317 2254 1381 2283; x_wconf 85' lang='lat'>216</span> <span class='ocrx_word' id='word_1_239' title='bbox 1411 2256 1468 2282; x_wconf 81' lang='lat' dir='ltr'>aut</span> 
     </span>
     <span class='ocr_line' id='line_1_34' title="bbox 139 2294 1468 2344; baseline -0.005 -11"><span class='ocrx_word' id='word_1_240' title='bbox 139 2308 218 2334; x_wconf 84' lang='lat' dir='ltr'><strong>ante</strong></span> <span class='ocrx_word' id='word_1_241' title='bbox 235 2307 292 2333; x_wconf 86' lang='lat' dir='ltr'>aut</span> <span class='ocrx_word' id='word_1_242' title='bbox 310 2307 385 2344; x_wconf 86' lang='lat' dir='ltr'>post</span> <span class='ocrx_word' id='word_1_243' title='bbox 401 2304 466 2333; x_wconf 84' lang='grc' dir='ltr'>τῶν</span> <span class='ocrx_word' id='word_1_244' title='bbox 481 2302 555 2342; x_wconf 81' lang='grc' dir='ltr'>πρὶν</span> <span class='ocrx_word' id='word_1_245' title='bbox 573 2310 672 2340; x_wconf 78' lang='lat' dir='ltr'>posse</span> <span class='ocrx_word' id='word_1_246' title='bbox 690 2299 851 2338; x_wconf 86' lang='lat' dir='ltr'>distingui</span> <span class='ocrx_word' id='word_1_247' title='bbox 870 2304 985 2330; x_wconf 86' lang='lat' dir='ltr'>monet</span> <span class='ocrx_word' id='word_1_248' title='bbox 1002 2303 1025 2331; x_wconf 85' lang='grc' dir='ltr'>Σ</span> <span class='ocrx_word' id='word_1_249' title='bbox 1159 2307 1221 2337; x_wconf 88' lang='lat'>217</span> <span class='ocrx_word' id='word_1_250' title='bbox 1248 2299 1405 2338; x_wconf 80' lang='grc' dir='ltr'>εὔφρανας</span> <span class='ocrx_word' id='word_1_251' title='bbox 1420 2294 1468 2325; x_wconf 50' lang='grc' dir='ltr'>ΜΕ</span> 
     </span>
     <span class='ocr_line' id='line_1_35' title="bbox 139 2339 1467 2387; baseline -0.005 -11"><span class='ocrx_word' id='word_1_252' title='bbox 139 2347 203 2376; x_wconf 80' lang='grc' dir='ltr'>2ῐὸ</span> <span class='ocrx_word' id='word_1_253' title='bbox 227 2344 446 2387; x_wconf 76' lang='grc' dir='ltr'>κᾶνακουφίζω</span> <span class='ocrx_word' id='word_1_254' title='bbox 463 2354 628 2384; x_wconf 78' lang='lat' dir='ltr'>suprascr.</span> <span class='ocrx_word' id='word_1_255' title='bbox 646 2344 676 2374; x_wconf 82' lang='lat' dir='ltr'><strong>A</strong></span> <span class='ocrx_word' id='word_1_256' title='bbox 802 2352 860 2372; x_wconf 78' lang='lat'>221</span> <span class='ocrx_word' id='word_1_257' title='bbox 888 2343 927 2375; x_wconf 80' lang='grc' dir='ltr'>τὸ</span> <span class='ocrx_word' id='word_1_258' title='bbox 945 2341 1098 2380; x_wconf 81' lang='grc' dir='ltr'>βούλευμ’</span> <span class='ocrx_word' id='word_1_259' title='bbox 1118 2341 1144 2372; x_wconf 89' lang='lat' dir='ltr'>L</span> <span class='ocrx_word' id='word_1_260' title='bbox 1264 2351 1327 2370; x_wconf 82' lang='lat'>222</span> <span class='ocrx_word' id='word_1_261' title='bbox 1353 2339 1467 2379; x_wconf 82' lang='grc' dir='ltr'>ἀδέλφ’</span> 
     </span>
     <span class='ocr_line' id='line_1_36' title="bbox 139 2382 1467 2430; baseline -0.007 -9"><span class='ocrx_word' id='word_1_262' title='bbox 139 2390 265 2430; x_wconf 73' lang='grc' dir='ltr'>ἆδελφᾶ</span> <span class='ocrx_word' id='word_1_263' title='bbox 283 2389 315 2419; x_wconf 84' lang='grc' dir='ltr'>Μ</span> <span class='ocrx_word' id='word_1_264' title='bbox 464 2398 527 2427; x_wconf 83' lang='grc'>223</span> <span class='ocrx_word' id='word_1_265' title='bbox 552 2386 718 2424; x_wconf 83' lang='grc' dir='ltr'>ὑπόβαλλε</span> <span class='ocrx_word' id='word_1_266' title='bbox 736 2385 767 2416; x_wconf 92' lang='grc' dir='ltr'>Α</span> <span class='ocrx_word' id='word_1_267' title='bbox 844 2417 847 2418; x_wconf 20' lang='lat'><em>⁷</em></span> <span class='ocrx_word' id='word_1_268' title='bbox 867 2386 1008 2427; x_wconf 83' lang='grc' dir='ltr'>πλευρὰν</span> <span class='ocrx_word' id='word_1_269' title='bbox 1024 2384 1054 2417; x_wconf 87' lang='grc' dir='ltr'>Α</span> <span class='ocrx_word' id='word_1_270' title='bbox 1069 2385 1094 2415; x_wconf 84' lang='grc' dir='ltr'>Ρ</span> <span class='ocrx_word' id='word_1_271' title='bbox 1186 2385 1237 2417; x_wconf 81' lang='grc' dir='ltr'>καὶ</span> <span class='ocrx_word' id='word_1_272' title='bbox 1256 2383 1391 2424; x_wconf 79' lang='grc' dir='ltr'>ἇχμώδη</span> <span class='ocrx_word' id='word_1_273' title='bbox 1410 2382 1442 2413; x_wconf 85' lang='grc' dir='ltr'><strong>Μ</strong></span> <span class='ocrx_word' id='word_1_274' title='bbox 1461 2393 1467 2412; x_wconf 92' lang='lat'>:</span> 
     </span>
     <span class='ocr_line' id='line_1_37' title="bbox 140 2430 901 2473; baseline -0.001 -9"><span class='ocrx_word' id='word_1_275' title='bbox 140 2434 296 2473; x_wconf 76' lang='grc' dir='ltr'>κᾶχμώδη</span> <span class='ocrx_word' id='word_1_276' title='bbox 312 2433 341 2464; x_wconf 96' lang='lat' dir='ltr'>V</span> <span class='ocrx_word' id='word_1_277' title='bbox 476 2442 536 2470; x_wconf 83' lang='lat'>224</span> <span class='ocrx_word' id='word_1_278' title='bbox 564 2430 686 2472; x_wconf 67' lang='lat' dir='ltr'>mipacs]</span> <span class='ocrx_word' id='word_1_279' title='bbox 706 2430 789 2471; x_wconf 77' lang='grc' dir='ltr'>νόσῳ</span> <span class='ocrx_word' id='word_1_280' title='bbox 806 2442 857 2472; x_wconf 74' lang='grc' dir='ltr'>γρ.</span> <span class='ocrx_word' id='word_1_281' title='bbox 877 2434 901 2463; x_wconf 84' lang='grc' dir='ltr'>Σ</span> 
     </span>
    </p>
   </div>
  </div>
 </body>
</html>
