1658 2740
630 121 915 158 ΟΡΕΣΤΗΣ

410 224 499 263 ποδὶ
526 225 727 279 κηδοσύνῳ
752 224 1005 276 παράσειρος.

114 293 191 329 Ηλ.
209 290 245 329 οἲ
271 290 361 341 ἐγώ·
400 290 474 341 πρὸ
498 291 652 341 τύμβου
676 291 750 343 γάρ
777 290 815 330 σ’
844 290 962 342 ὁρῶσ’
988 289 1204 337 ἀναστένω,

210 355 373 406 ἀδελφέ,
403 357 464 397 καὶ
488 357 652 409 πάροιθε
677 357 857 409 νερτέρου
883 360 1016 409 πυρᾶς.

209 421 245 462 οἲ
272 423 348 473 ἐγὼ
373 423 467 473 μάλ’
493 424 614 465 αὖθις·
651 425 702 465 ὥς
727 423 766 463 σ’
793 423 915 463 ἰδοῡσ’
942 425 984 463 ἐν
1010 425 1183 474 ὄμμασιν
1350 438 1435 459 1020

209 488 463 539 πανυστάτην
487 491 692 542 πρόσοψιν
717 488 884 540 ἐξέστην
909 494 1077 542 φρενῶν.

108 590 181 639 Ορ.
209 588 252 628 οὐ
280 588 361 640 σῖγ’
386 590 538 641 ἀφεῖσα
562 590 651 631 τοὺς
677 591 920 643 γυναικείους
945 590 1061 642 γόους

208 654 384 706 στερξεις
409 657 456 695 τὰ
482 656 703 707 κρανθέντ’·
690 689 700 704 ,
743 658 877 708 οἰκτρὰ
900 659 973 707 μὲν
998 655 1092 703 τάδ’,
1122 655 1212 695 ἀλλ’
1238 658 1340 706 ὅμως

208 718 358 773 [φέρειν
385 721 422 761 σ’
448 722 597 774 ἀνάγκη
625 725 694 765 τὰς
721 723 985 775 παρεστώσας
1009 719 1156 775 τύχας]

110 791 189 827 HA.
209 789 270 828 καὶ
295 792 376 836 πῶς
402 793 558 836 σιωπῶ;
599 789 751 842 φέγγος
781 791 943 842 εἰσορᾶν
970 792 1059 830 θεοῦ
1355 804 1436 834 1025

208 854 287 894 τόδ’
313 854 440 895 οὐκέθ’
465 856 559 906 ἡμῖν
584 860 665 898 τοῖς
690 857 956 909 ταλαιπώροις
979 855 1088 907 μέτα.

108 923 180 972 Ορ.
208 921 257 960 σὺ
282 919 335 972 μή
358 921 399 973 μ’
425 923 637 963 ἀπόκτειν’·
675 922 763 965 ἅλις
788 923 852 963 ὑπ’
879 923 1062 976 Ἀργείας
1086 923 1202 976 χερὸς

207 987 365 1041 τέθνηχ’
392 989 412 1028 ὁ
438 987 610 1040 τλήμων·
649 991 697 1029 τὰ
722 992 764 1030 δὲ
788 989 950 1042 παρόντ’
975 990 1019 1031 ἔα
1046 990 1154 1029 κακά.

111 1057 190 1093 Ηλ.
208 1052 236 1093 ὦ
261 1054 404 1104 μέλεος
430 1055 533 1105 ἥβης
560 1058 646 1106 σῆς,
676 1055 863 1107 Ὀρέστα,
893 1074 955 1096 και
981 1058 1129 1107 πότμου

209 1119 376 1161 θανάτου
401 1121 434 1160 τ’
460 1122 601 1173 ἀώρου.
675 1122 743 1172 ζην
770 1124 891 1175 ἐχρην
917 1122 970 1168 σ’,
997 1122 1054 1162 ὅτ’
1080 1122 1203 1162 οὐκέτ’
1229 1122 1275 1162 εἶ.
1357 1136 1439 1165 1030

109 1190 182 1238 Ορ.
206 1185 258 1237 μὴ
286 1186 382 1239 πρὸς
407 1190 507 1228 θεῶν
531 1205 598 1239 μοι
623 1188 845 1244 περιβάλῃς
870 1189 1093 1241 ἀνανδρίαι,

208 1255 248 1295 ἐς
273 1253 418 1306 δάκρυα
442 1254 708 1306 πορθμεύουσ’
735 1254 954 1306 ὑπομνήσει
980 1259 1122 1296 κακῶν.

111 1323 188 1362 Ηλ.
209 1320 428 1370 θανούμεθ’·
466 1321 540 1375 οὐχ
565 1323 649 1362 οἶόν
674 1339 716 1363 τε
739 1321 792 1373 μὴ
819 1323 975 1363 στένειν
1000 1321 1110 1362 κακά.

208 1389 331 1428 πᾶσιν
356 1388 431 1439 γὰρ
458 1387 612 1441 οἰκτρὸν
637 1388 660 1440 ἡ
688 1390 786 1441 φίλη
813 1388 926 1442 ψυχὴ
951 1392 1126 1442 βροτοῖς,

107 1456 181 1506 Ορ.
207 1453 288 1494 τόδ’
313 1453 415 1506 ἦμαρ
441 1455 534 1506 ἡμῖν
563 1455 708 1507 κύριον·
746 1458 806 1496 δεῖ
828 1455 860 1496 δ’
884 1453 908 1506 ἢ
933 1457 1108 1510 βρόχους
1356 1469 1436 1499 1035

208 1520 346 1562 ἅπτειν
374 1522 616 1573 κρεμαστοὺς
639 1519 663 1573 ἢ
689 1521 806 1574 ξίφος
830 1521 966 1575 θήγειν
989 1524 1090 1576 χερί.

111 1590 189 1627 Ηλ.
209 1588 259 1628 σύ
283 1588 352 1628 νύν
375 1588 429 1639 μ’,
459 1588 624 1641 ἀδελφέ,
650 1588 704 1640 μή
729 1606 787 1631 τις
813 1589 1002 1641 Ἀργείων
1027 1588 1148 1646 κτάνῃ

207 1654 387 1706 ὕβρισμα
413 1655 575 1706 θέμενος
601 1655 670 1696 τὸν
696 1655 991 1708 Ἀγαμέμνονος
1015 1657 1147 1708 γόνον.

156 1750 238 1780 1018
262 1750 292 1781 (τ’
305 1760 369 1781 om.
383 1750 412 1779 A
509 1760 591 1788 1019
617 1749 764 1790 νερτέρου
779 1748 992 1778 MABVP:
1019 1747 1164 1788 νερτέρας
1179 1747 1227 1777 L:
1253 1746 1438 1788 νερτέρωνί)

113 1802 196 1823 1020
220 1793 260 1825 ὥς
277 1792 306 1824 σ’
324 1794 423 1825 ῖδοῦο)
442 1796 475 1825 ἐν
494 1793 624 1823 Porson
643 1804 650 1823 :
674 1794 714 1824 ὡς
731 1791 842 1823 ἰδοῦσά
859 1792 889 1822 σ’
905 1793 939 1822 ἐν
954 1790 987 1820 Μ
1002 1791 1029 1820 Β
1043 1791 1091 1820 L.
1117 1793 1155 1823 ὡς
1174 1789 1284 1822 ἰδοῦσά
1301 1803 1322 1821 σ
1325 1790 1434 1831 V.·yp

111 1836 213 1867 ΜΒ·
246 1838 284 1868 ὡς
316 1836 415 1868 ι’δοῦσ’
446 1839 480 1868 ἐν
510 1836 585 1866 ΑΡ
726 1845 808 1865 1022
842 1834 936 1874 ’γόους
969 1847 1022 1874 γρ.
1056 1833 1087 1863 Μ
1108 1834 1156 1863 Β·
1189 1833 1308 1873 λόγους
1341 1833 1436 1864 codd.

114 1889 194 1917 1023
219 1878 381 1920 κρανθέντ’
398 1879 531 1910 ΑΒΜ2
547 1892 554 1911 :
580 1879 724 1922 κραθέντ’
745 1877 899 1908 MVLP
974 1876 1043 1909 τάδ’
1062 1887 1128 1907 om.
1147 1876 1174 1906 P
1265 1886 1347 1914 1024
1369 1886 1437 1906 non

110 1922 225 1953 habuit
239 1927 272 1960 Σ,
288 1922 344 1962 qui
362 1923 465 1954 λείπει
484 1925 521 1954 τὸ
538 1926 589 1955 δει
603 1923 719 1965 φέρειν.
767 1920 851 1953 τινὲς
869 1920 904 1952 δὲ
920 1920 1100 1961 γράφουσιν
1117 1919 1250 1960 οἰκτρὰ
1266 1918 1334 1958 μὲν
1352 1919 1436 1951 ἀλλ’

113 1967 207 2005 ὅμως
227 1964 319 2007 φερε
460 1967 544 1996 1026
566 1966 633 1999 τόδ’
638 1966 650 1989 Ἶ
671 1967 717 1998 ὅτ’
734 1965 915 2004 Musgrave
1053 1973 1133 2001 1027
1159 1963 1198 1994 σὺ
1213 1963 1274 2002 μη]
1292 1964 1336 2002 μὴ
1354 1962 1394 1994 σύ
1412 1963 1438 1992 L

111 2008 273 2040 157r'recc.
301 2014 335 2040 et
358 2014 394 2040 ut
416 2010 548 2040 videtur
568 2014 591 2043 Σ
614 2009 701 2044 (ἅλις
721 2012 736 2041 ὁ
758 2010 816 2040 ὑπὸ
837 2012 896 2046 τῆς
910 2008 1055 2049 ”Αρ·)ειάς
1076 2007 1171 2047 χερὸς
1190 2006 1362 2045 θάνατος);
1386 2007 1438 2037 ἀπ’

110 2052 206 2084 codd.
344 2054 427 2083 1028
458 2053 590 2093 τλάμων
616 2053 642 2083 L
781 2063 864 2091 1030
897 2052 953 2092 ζῆν
973 2051 1004 2083 ‹r'
1027 2049 1173 2091 ἐχρῆνΡ
1187 2047 1276 2088 ῑζῆν
1294 2061 1332 2080 σε
1342 2052 1439 2104 χρῆν

109 2095 288 2127 Wecklein
422 2109 473 2137 γρ.
493 2095 540 2128 ὅτ’
558 2096 665 2128 οὐκέτι
684 2097 729 2136 M,
744 2102 777 2128 et
794 2096 842 2127 sic
859 2096 995 2126 videtur
1011 2094 1134 2133 legisse
1151 2097 1197 2126 Σ
1197 2091 1257 2131 ὅτ’
1275 2091 1381 2124 οὐκέτι
1400 2106 1438 2124 σε

112 2138 169 2178 ζῆν
185 2151 412 2180 συγχωρουσιν
428 2141 457 2171 οἵ
466 2139 646 2179 ’Ἐλληνες)
787 2150 867 2178 1031
894 2139 962 2180 μοι]
980 2153 1039 2178 μου
1062 2138 1093 2168 Μ
1206 2136 1392 2176 περιβαλεις
1408 2136 1439 2165 V

110 2183 260 2224 ἀνανδρία
288 2183 320 2213 Μ
468 2193 550 2221 1032
584 2184 757 2223 ὑπομνήσει
786 2183 984 2221 Musgrave:
1021 2180 1200 2221 ὑπόμνησιν
1229 2180 1324 2210 codd.
1355 2183 1389 2209 et
1414 2183 1438 2212 Σ

113 2235 197 2265 1033
219 2225 279 2267 μὴ]
301 2227 345 2266 μὴ
368 2229 403 2258 οὐ
425 2226 641 2257 Herwerden
793 2229 874 2265 1036
902 2226 955 2266 θίγ
958 2239 1004 2257 ειν
1024 2225 1057 2254 Μ
1213 2233 1294 2262 1037
1324 2223 1364 2254 σὺ
1384 2224 1438 2254 νῦν

111 2269 206 2299 codd.
296 2270 328 2308 μ’
346 2280 410 2300 om.
427 2269 458 2300 A
594 2271 675 2308 1038
699 2269 772 2311 τὸν]
790 2270 852 2308 τὴν
869 2269 1047 2299 Hermann
1138 2267 1250 2309 γόνον]
1271 2280 1324 2308 γρ.
1343 2265 1438 2305 δόμον

112 2311 223 2346 MV}
246 2312 358 2349 (οὕτως
383 2315 462 2352 γοῦν
485 2312 731 2352 Καλλίστρατός
751 2320 851 2353 φησιν
867 2311 1082 2353 Ἀριστοφάνη
1106 2311 1258 2360 γράφειν)
1349 2309 1437 2348 quod

111 2355 144 2385 in
163 2355 192 2385 B
210 2368 261 2396 γρ.
279 2356 323 2394 μὴ
342 2356 510 2397 ἐνυβρίσῃς
528 2357 566 2388 σὺ
586 2360 630 2397 τῷ
646 2354 878 2396 Ἀγαμέμνονος
898 2355 984 2397 ’γόνῳ
1008 2360 1166 2394 corrupte
1187 2355 1350 2395 scriptum
1372 2357 1436 2392 est,

110 2397 186 2428 vide
203 2399 291 2437 apud
310 2398 555 2430 Schwartzium
