1658 2740
629 101 975 139 ΕΥΡΙΠΙΔΟΥ

139 212 440 243 ΠΡΕΣΒΥΤΙ-ΙΣ

572 274 732 327 στείχω.
804 274 844 313 τί
867 275 909 313 δὲ
936 277 1191 325 καινουργεῖς,

371 338 622 391 Ἀγάμεμνον
646 339 764 391 ἄναξ;
815 343 889 392 Αγ.
922 340 1130 387 σπεύσεις;
1180 342 1255 392 Hp.
1290 341 1459 382 σπεύδω.

369 405 478 456 μάλα
503 423 563 446 τοι
587 409 709 459 γῆρας
733 406 877 458 τούμὸν
902 405 1051 447 ἄυπνον

373 473 434 513 καὶ
460 472 520 513 ἐπ’
546 474 770 525 ὀφθαλμοῖς
795 473 864 524 ὀξὺ
890 472 1092 525 πάρεστιν.
1445 487 1462 518 5

138 542 209 590 Ay.
371 541 430 581 τίς
454 538 540 579 ποτ’
566 539 626 591 ἄρ’
652 540 778 593 ἀστὴρ
803 542 868 581 ὅδε
893 540 1121 591 πορθμεύει;

140 608 213 656 Πρ.
377 608 527 657 Σείριος
553 607 670 659 ἐγγὺς
694 609 763 658 τῆς
789 607 1012 659 ἑπταπόρου

374 672 571 714 Πλειάδος
598 672 737 728 ᾄσσων
762 675 819 714 ἔτι
843 672 1060 725 μεσσήρης.

140 741 212 789 Ay.
372 739 510 779 οὔκουν
536 741 712 792 φθόγγος
738 740 773 792 γ’
800 739 879 781 οὔτ’
905 740 1069 791 ὀρνίθων

370 806 459 846 οὔτε
485 806 708 857 θαλάσσης·
747 807 858 859 σιγαὶ
883 807 916 846 δ’
942 805 1097 857 ἀνέμων
1427 820 1465 841 10

438 873 552 913 τόνδε
579 872 659 913 κατ’
686 874 860 926 Εὔριπον
886 873 1060 926 ἔχουσιν.

139 941 212 989 Πρ.
375 940 416 980 τί
437 941 478 980 δὲ
504 940 554 980 σὺ
581 943 728 990 σκηνῆς
754 941 862 982 ἐκτὸς
887 941 1057 986 ἀίσσεις,

373 1005 623 1058 Ἀγάμεμνον
648 1006 765 1058 ἄναξ;

371 1072 428 1113 ἔτι
453 1073 486 1113 δ’
512 1074 661 1127 ἡσυχία
684 1077 776 1132 τῇδε
803 1074 883 1114 κατ’
911 1074 1034 1114 Αὖλιν

375 1140 435 1180 καὶ
461 1140 637 1191 ἀκίνητοι
662 1141 837 1193 φυλακαὶ
862 1140 1038 1194 τειχέων.
1425 1152 1462 1182 15

371 1208 593 1260 στείχωμεν
618 1208 710 1248 ἔσω.
854 1211 927 1260 Αγ.
999 1207 1101 1258 ζηλῶ
1128 1205 1188 1253 σε’,
1218 1205 1346 1258 γέρον,

374 1273 476 1323 ζηλῶ
502 1273 535 1314 δ’
561 1275 713 1326 ἀνδρῶν
738 1274 780 1316 ὃς
806 1276 1009 1315 ἀκίνδυνον

372 1341 465 1390 βίον
491 1340 697 1393 ἐξεπέρασ’
724 1342 852 1394 ἀγνὼς
877 1341 1033 1392 ἀκλεής·

372 1406 461 1449 τοὺς
487 1407 518 1447 δ’
544 1409 586 1448 ἐν
611 1412 738 1459 τιμαῖς
763 1408 893 1459 ἧσσον
921 1408 1034 1458 ζηλῶ.

138 1475 214 1524 Πρ.
377 1473 437 1513 καὶ
462 1474 539 1524 μὴν
564 1479 608 1515 τὸ
634 1476 756 1516 καλόν
781 1474 817 1527 γ’
844 1477 1009 1515 ἐνταῦθα
1035 1474 1138 1525 βίου.
1423 1486 1464 1507 20

137 1542 211 1592 Ay.
371 1544 483 1580 τοῦτο
508 1540 550 1581 δέ
575 1541 611 1593 γ’
638 1542 748 1582 ἐστὶν
772 1541 817 1581 τὸ
843 1541 963 1581 καλὸν
989 1540 1210 1594 σφαλερόν,

372 1607 434 1646 καὶ
458 1607 502 1647 τὸ
528 1608 717 1659 πρότιμον

372 1674 496 1725 γλυκὺ
520 1674 606 1725 μέν,
632 1676 738 1732 λύπῃ
764 1676 804 1716 δὲ
830 1672 1160 1727 προσιστάμενον.

369 1743 457 1781 τοτὲ
482 1744 554 1792 μὲν
578 1743 626 1781 τὰ
651 1745 751 1783 θεῶν
777 1743 844 1783 οὐκ
869 1740 1076 1795 ὀρθωθέντ’

180 1843 199 1871 3
225 1832 398 1872 σπεύσεις;
425 1833 582 1865 Dobree:
606 1834 709 1873 πεύση
730 1835 815 1866 LP:
842 1837 959 1867 σπεῦδε
987 1835 1115 1866 Porson
1206 1847 1225 1874 4
1250 1848 1300 1867 τοι
1318 1834 1463 1865 Bar-nes:

136 1878 173 1907 τὸ
193 1875 233 1906 L²
248 1876 272 1906 P
289 1887 295 1906 ε
319 1887 382 1908 om.
405 1877 429 1906 L
536 1879 557 1908 6
581 1878 622 1909 cs.
640 1878 767 1909 Theon.
790 1878 924 1918 Smyrn.
945 1879 986 1909 de
1005 1885 1129 1910 astron.
1154 1880 1191 1909 16
1209 1882 1224 1911 ὁ
1241 1879 1392 1920 τραγικὸς
1413 1877 1464 1909 ἐπί

135 1933 220 1951 τινος
238 1923 303 1951 τῶν
319 1922 503 1959 πλανήτων·
521 1922 559 1953 τί
577 1921 658 1954 ποτ’
682 1923 735 1963 ἄρ’
761 1924 776 1953 ὃ
800 1924 921 1963 ἀστὴρ
949 1923 1011 1954 ὅδε
1037 1922 1248 1963 πορθμεύει
1274 1923 1463 1963 ‹telmon-t

136 1968 297 2002 punctum
312 1969 387 2002 post
401 1964 568 2005 πορθμεύει
583 1965 681 2005 delet,
700 1976 748 1996 vv.
766 1976 792 2004 7,
809 1966 829 1995 8
843 1965 1087 2005 Agamemnoni
1100 1966 1272 1996 continuat
1285 1965 1440 1995 Bremius
1456 1976 1463 1995 :

135 2007 193 2036 sed
221 2007 262 2038 cs.
292 2006 420 2038 Ennius
450 2008 522 2047 Iph.
550 2019 576 2041 1.
604 2019 634 2048 p.
667 2019 708 2048 94
735 2009 877 2039 Mueller
896 2009 977 2040 6ΑΕ.
1008 2009 1097 2048 Quid
1127 2009 1235 2040 noctis
1267 2008 1399 2038 videtur
1428 2007 1461 2037 in

135 2050 277 2081 altisono
299 2050 303 2092 Ι
325 2051 416 2081 Caeli
443 2052 574 2091 clipeo?
608 2052 689 2083 SEN.
717 2053 824 2083 Temo
852 2054 1008 2092 superat’
1035 2055 1096 2085 &a
1297 2053 1317 2082 8
1342 2052 1463 2083 ἀΐσσων

137 2093 162 2122 L
178 2093 204 2123 P
305 2094 447 2134 μεσήρης
464 2096 616 2135 primitus
634 2096 659 2126 L
673 2097 698 2127 P
811 2107 845 2126 11
875 2097 986 2136 ἔχουσι
1008 2096 1034 2126 L
1048 2097 1074 2126 P
1179 2107 1217 2135 14
1237 2095 1332 2133 τήνδε
1351 2094 1462 2124 Blom-

136 2137 212 2167 field
363 2140 401 2168 16
426 2140 600 2179 στείχομεν
619 2140 644 2169 Ρ
661 2151 668 2170 :
686 2141 725 2171 cf.
742 2140 811 2170 Cic.
827 2140 923 2171 Tusc.
943 2140 988 2171 iii.
1008 2150 1059 2178 24.
1083 2150 1096 2170 1
1240 2141 1343 2178 16-19
1360 2137 1463 2168 citant

135 2179 232 2211 Alex,
259 2180 365 2220 Aphr.
393 2182 424 2212 in
451 2182 554 2214 Arist.
581 2184 665 2223 Top.
692 2195 723 2223 p.
745 2194 814 2222 117,
842 2183 935 2215 Stob.
957 2185 987 2214 ss.
1008 2185 1059 2222 58.
1081 2195 1119 2215 2:
1148 2184 1252 2214 16-18
1270 2182 1354 2213 Plut.
1375 2180 1460 2211 Mor.

136 2233 166 2262 p·
185 2234 245 2262 471
368 2236 407 2264 19
431 2225 536 2264 ἧσσον
553 2230 668 2259 ἐπαινῶ
687 2228 856 2258 stobaeus
876 2228 930 2268 (ex
951 2228 1030 2267 Hip.
1051 2227 1129 2268 264)
1244 2236 1282 2256 21
1310 2227 1378 2258 ἐστὶ
1396 2224 1462 2255 LP

136 2277 176 2296 22
201 2267 355 2307 πρότιμον
381 2270 517 2300 Nauck:
545 2271 718 2310 φιλότιμον
744 2271 770 2301 L
786 2270 830 2303 P:
855 2281 886 2302 V.
915 2271 979 2302 del.
1009 2271 1141 2302 Bothe:
1166 2270 1205 2302 τό
1227 2284 1264 2302 τε
1289 2268 1462 2311 φιλότιμον

137 2310 311 2342 Markland
401 2324 441 2352 23
468 2314 518 2345 Cf.
541 2314 661 2345 Macho
677 2325 729 2354 ap.
748 2314 874 2345 Athen.
893 2315 935 2345 vi.
956 2325 988 2354 p.
1006 2325 1068 2353 244
1084 2315 1190 2355 ’γλυκὺ
1202 2313 1270 2355 μέν,
1287 2310 1461 2353 προσιστά-

136 2368 230 2393 μενον
247 2355 280 2387 δὲ
298 2359 394 2388 λυπεῖ
409 2357 509 2399 (λύπῃ
524 2359 548 2399 3)
566 2361 718 2400 πανταχῇ
773 2358 858 2400 λύπῃ
877 2358 912 2388 C.
936 2359 1103 2389 Headlam
1119 2369 1124 2388 Ξ
1151 2360 1249 2390 λυπεῖ
1268 2358 1293 2388 L
1305 2356 1331 2386 P
