1658 2740
444 294 600 331 ,ΧΎΣΙΣ
636 292 750 330 ΤΟΎ
787 290 1129 328 ΛΙΝΙΓΜΑΤΟΣ

213 361 311 396 κλῦθι
338 362 391 395 καὶ
419 362 476 397 οὐκ
501 361 680 406 ἐθέλουσα,
708 360 891 404 κακόπτερε
917 361 1031 402 μοῦσα
1057 358 1235 401 θανόντων,

260 420 374 464 φωνῆς
396 419 567 464 ἡμετέρης,
593 419 659 453 σὺν
679 419 780 455 τέλος
806 416 1006 462 ἀμπλακίης·

212 477 390 523 ἄνθρωπον
415 478 607 522 κατέλεξας,
634 476 670 513 ὃς
696 476 789 521 ἡνίκα
815 477 914 522 γαῖαν
939 475 1081 521 ἐφέρπει

257 539 393 581 πρῶτον
417 538 484 581 ἔφυ
510 536 693 581 τετράπους
718 533 834 579 νήπιος
859 534 895 568 ἐκ
921 535 1085 578 λαγόνων,

211 595 382 640 ’γηραλέος
407 595 441 628 δέ
467 593 581 628 πέλων
608 594 764 638 τρίτατον
788 593 876 627 πόδα
902 594 1052 637 βάκτρον
1078 590 1196 636 ἐρείδει

286 652 294 662 ἱ
334 651 342 661 Ι
505 652 510 662 Ι
632 650 639 660 Ι
689 654 702 661 ι·
850 652 857 662 Ι
1054 651 1064 663 Ἰ

258 666 381 696 αυχενα
407 652 577 696 φορτιζων
603 666 700 696 γηραι
727 664 969 695 καμπτυμενος.
1022 649 1066 694 [h
1086 655 1121 684 et
1141 654 1163 682 Σ
1181 661 1213 682 v.
1238 648 1294 693 50]

166 742 263 778 Λάιος
282 742 347 778 ἀπὸ
366 744 488 787 Θηβῶν
505 745 775 787 παραγενόμενος
793 743 875 776 κατὰ
894 742 953 785 τὴν
966 741 1043 774 ὁδὸν
1059 741 1223 775 ἐθεάσατο
1242 738 1446 785 Χρύσιππον

115 801 173 836 τὸν
205 801 275 835 υἱὸν
301 803 360 835 τοῦ
385 800 556 836 Πέλοπος.
606 799 727 835 τούτου
756 800 914 846 ἐρασθεὶς
943 798 1037 843 ἠξίου
1065 800 1165 833 αὐτὸν
1194 797 1445 844 παραγενέσθαι

116 859 163 894 εἷς
183 858 299 903 Θήβας
321 858 385 893 σὺν
407 859 508 905 αὐτῷ.
557 861 617 892 τοῦ
643 858 678 892 δὲ
696 858 740 902 μὴ
767 861 866 892 τοῦτο
885 859 1026 901 ποιῆσαι
1046 857 1275 901 βουληθέντος
1294 855 1445 901 ἥρπασεν

115 919 133 950 ὁ
153 918 253 952 Λάιος
269 917 379 963 λάθρα
397 919 458 951 τοῦ
484 917 603 952 ἑαυτοῦ
621 919 759 962 πατρός.
810 917 865 951 ἐπὶ
885 917 974 951 πολὺ
994 917 1029 950 δέ
1049 917 1152 951 αὐτοῦ
1171 917 1373 961 θρηνοῦντος
1391 915 1444 948 διὰ

114 977 176 1021 τὴν
186 978 244 1010 τοῦ
257 976 376 1011 παιδὸς
393 976 565 1010 ἀπώλειαν
575 974 720 1021 ὕστερον
734 975 837 1020 ἔμαθε
851 977 902 1010 καὶ
920 975 1034 1019 μαθὼν
1053 977 1266 1018 κατηράσατο
1284 974 1329 1019 τῷ
1347 974 1445 1007 αὐτὸν

115 1033 268 1069 ἀνελόντι
294 1033 339 1078 μὴ
366 1034 623 1078 παιδοποιῆσαι,
651 1034 679 1067 εἷ
707 1034 742 1067 δέ
773 1036 875 1068 τοῦτο
901 1035 1046 1079 γένηται,
1075 1034 1139 1069 ὑπὸ
1164 1037 1224 1068 τοῦ
1249 1033 1444 1077 τικτομένου

114 1091 334 1137 ἀναιρεθῆναι.
387 1092 436 1137 [V
450 1098 486 1127 et
507 1093 613 1126 Laur.
632 1091 737 1126 xxxii.
757 1090 817 1136 33]

182 1204 606 1243 ΑΡΙΣΤΟΦΑΝΟὙΣ
646 1204 1050 1242 ΓΡΑΜΜΑΤῙΚΟΎ
1085 1204 1371 1243 ΎῚἹΟΘΕΣΙΣ

1466 917 1505 948 35

160 1272 168 1285 ν
373 1274 380 1285 1
592 1274 598 1285 p
784 1275 791 1286 x
867 1277 882 1284 .-
950 1274 958 1288 ‚
1058 1272 1066 1282 l
1158 1273 1165 1284 ‚
1192 1273 1200 1285 x
1280 1273 1287 1283 a
1431 1275 1439 1286 χ

172 1278 401 1320 Επιστρατεια
449 1276 677 1310 Πολυνεικους
715 1289 798 1318 μετα
840 1289 907 1308 των
961 1279 1109 1320 Αργειων
1148 1288 1203 1308 επι
1242 1276 1356 1317 ΘηΒας
1391 1288 1442 1309 και
1462 1281 1504 1312 40

113 1332 264 1366 ἀπώλεια
297 1334 363 1366 τῶν
393 1330 559 1376 ἀδελφῶν
598 1332 824 1366 Πολυνείκους
861 1332 915 1365 καὶ
949 1329 1167 1365 Ἐτεοκλέους
1209 1330 1261 1364 καὶ
1302 1331 1444 1366 θάνατος

113 1389 296 1433 Ἰοκάστης.
358 1388 377 1433 ἡ
407 1389 587 1434 μυθοποιία
618 1392 720 1425 κεῖται
745 1387 825 1435 παρ’
858 1388 1024 1436 Αἰσχύλῳ
1054 1389 1090 1424 ἐν
1116 1387 1222 1423 Ἑπτὰ
1248 1388 1302 1423 ἐπὶ
1327 1388 1443 1432 Θήβας

112 1447 202 1492 πλὴν
225 1447 283 1491 τῆς
300 1446 488 1491 Ἰοκάστης.
537 1449 570 1484 †.
591 1473 599 1482 .
621 1474 628 1483 .
652 1447 707 1483 ἐπὶ
731 1448 988 1492 Ναυσικράτους
1005 1448 1169 1493 ἄρχοντος
1196 1472 1204 1482 .
1227 1473 1236 1482 .
1261 1474 1269 1481 .
1288 1446 1443 1493 δεύτερος

114 1505 296 1550 Εὐριπίδης
322 1530 332 1541 .
358 1532 366 1541 .
395 1532 404 1541 .
432 1505 553 1549 καθῆκε
587 1505 809 1541 διδασκαλίαν
840 1506 917 1552 περὶ
942 1507 1075 1541 τούτου.
1125 1505 1178 1540 καὶ
1204 1507 1270 1550 ’γὰρ
1295 1508 1398 1541 ταΐτα
1424 1508 1442 1540 ὁ

114 1563 280 1608 Οἰνόμαος
298 1564 349 1598 καὶ
368 1563 573 1607 Χρύσιππος
597 1563 650 1598 καὶ
672 1590 680 1599 .
705 1592 712 1600 .
736 1592 744 1599 .
771 1565 950 1608 σώζεταιῒ.
1002 1566 1019 1598 ὁ
1046 1564 1150 1609 χορὸς
1178 1563 1382 1608 συνέστηκεν
1407 1564 1443 1599 ἐκ
1462 1576 1503 1607 45

113 1625 305 1657 Φοινισσῶν
322 1625 499 1668 γυναικῶν.
550 1623 748 1668 προλογίζει
767 1622 802 1656 δέ
821 1622 986 1666 Ἰοκάστη.

971 1679 1189 1725 [Vaticanus
1213 1688 1298 1725 1345
1320 1681 1348 1715 F
1364 1679 1442 1726 [P]]

156 1761 197 1791 28
220 1762 254 1793 ὃς
271 1766 295 1794 Σ
311 1772 317 1791 :
341 1762 377 1793 ὒν
398 1761 425 1791 Β
549 1772 592 1802 29
616 1762 792 1804 τετράπους
810 1767 833 1795 Σ
849 1774 856 1792 :
879 1761 1058 1803 τετράπουν
1076 1761 1103 1791 Β
1216 1771 1257 1800 32
1282 1762 1364 1793 κατὰ
1382 1762 1444 1800 τὴν

114 1805 187 1836 ὁδὸν
200 1805 298 1835 Laur.
311 1805 416 1836 xxxii.
430 1815 485 1844 33:
502 1806 563 1844 τὴν
574 1810 653 1837 ante
665 1806 811 1846 spatium
822 1815 962 1836 vacuum
975 1815 1036 1836 sex
1049 1804 1235 1835 litterarum
1248 1805 1278 1835 V
1332 1807 1373 1844 36
1385 1819 1442 1845 μα-

115 1847 191 1888 θὼν]
203 1848 310 1887 μαθὼν
322 1848 494 1889 ὕστερονν
541 1848 908 1891 39-46Ἀριστοφᾶνους
928 1874 934 1882 .
953 1873 960 1880 .
982 1873 989 1880 .
1011 1848 1323 1886 θάνατοςἸοκοίστης
1335 1853 1445 1879 exstat

113 1891 214 1921 etiam
232 1891 265 1921 in
284 1890 311 1920 P
402 1902 445 1930 40
466 1897 544 1923 ante
559 1893 768 1934 ἐπιστρατεία
784 1892 920 1932 supplet
937 1893 957 1930 ἡ
973 1891 1032 1932 μὲν
1050 1891 1197 1924 ὑπόθεσις
1212 1894 1270 1923 τοῦ
1287 1891 1443 1933 δράματος

115 1934 316 1964 Kirchhoff:
343 1935 380 1966 τὸ
402 1935 461 1974 μὲν
484 1935 659 1977 κεφάλαιόν
682 1939 772 1968 ἐστιν
791 1936 971 1966 Wecklein
1089 1935 1296 1977 ἐπιστρατεία
1318 1935 1365 1965 P:
1394 1936 1444 1967 ἐπὶ

113 1980 154 2020 τῇ
176 1978 329 2019 στρατείᾳ
350 1981 408 2010 τοῦ
426 1979 451 2009 F
466 1978 542 2011 Vat.
708 1992 759 2020 42,
784 1992 825 2020 43
849 1981 949 2012 verba
969 1981 988 2018 ἦ
1009 1980 1176 2020 μυθοποιία
1191 2002 1198 2010 .
1220 2003 1227 2010 .
1250 2002 1257 2010 .
1278 1977 1445 2016 Ἰοκάστης

113 2031 178 2052 om.
198 2021 224 2052 F
452 2034 493 2063 42
518 2025 538 2062 ἡ
561 2023 621 2064 μὲν
644 2025 789 2063 ἠθοποιία
804 2025 877 2056 vat.
899 2036 906 2056 ε
930 2035 1015 2056 corr.
1043 2025 1139 2056 codd.
1165 2023 1298 2064 quidam
1323 2022 1444 2052 novicii

114 2065 236 2104 Θήβαις
253 2065 329 2098 Vat.
438 2077 479 2106 43
504 2069 592 2106 πλὴν
606 2070 665 2106 τῆς
684 2068 884 2099 Kirchhoff:
908 2067 984 2101 πλὲἶ
999 2068 1072 2101 Vat.
1177 2078 1284 2109 43—45
1307 2066 1444 2096 lacunas

114 2109 275 2141 indicavit
317 2111 501 2142 Kirchhoff
532 2112 769 2143 ‘Nausierates
807 2123 977 2152 nunquam
1016 2114 1141 2144 archon
1182 2113 1266 2143 suit:
1305 2109 1443 2148 chol-egi

115 2164 239 2185 nomen
263 2165 339 2186 esse
364 2156 451 2187 coni.
472 2155 726 2186 Wilamowitz:
752 2155 963 2187 Oenomaum
988 2156 1217 2197 Chrysippum
1241 2153 1443 2186 Phoenissas

115 2209 158 2228 ex
191 2199 310 2230 eodem
344 2203 495 2238 sumptas
527 2209 603 2229 esse
629 2199 813 2230 fabularum
846 2200 930 2230 orbe
960 2200 1043 2230 dixit
1067 2200 1315 2240 grammaticus,
1342 2196 1443 2229 verba

116 2248 228 2273 tamen
250 2242 380 2273 restitui
399 2241 595 2281 nequeunt,⁷
613 2242 795 2273 Schwartz.
989 2253 1030 2282 45
1055 2246 1088 2277 οὐ
1106 2243 1241 2286 σῴζεται
1263 2241 1449 2273 Kirchhoff

114 2287 157 2325 46
179 2289 338 2327 ’γυναικῶν
353 2295 418 2316 om.
443 2284 468 2315 F

1297 2441 1337 2473 5*
