1658 2740
660 119 1006 158 ΕΥΡΙΠΙΔΟΥ

271 221 373 269 ζηλῶ
400 222 440 259 δὲ
469 223 542 259 σοῦ
565 223 636 271 μὲν
663 220 841 267 Ἑλλάδ’,
869 221 1068 264 Ἑλλάδος
1093 224 1135 264 δὲ
1161 224 1220 266 σέ.

269 287 310 326 εἶ’]
336 288 410 338 γὰρ
436 285 516 327 τόδ’
543 285 655 328 εἶπας
681 286 799 338 ἀξίως
823 304 866 328 τε
892 289 1090 340 πατρίδος’

268 352 312 392 τὸ
337 355 548 405 θεομαχεῖν
574 355 648 405 γὰρ
675 352 930 400 ἀπολιποῦσ’,
957 355 979 394 ὅ
1004 371 1078 396 σου
1104 360 1246 407 κρατεῖ,

275 416 492 470 ἐξελογίσω
519 420 566 459 τὰ
591 421 748 473 χρηστὰ
773 419 993 472 τάναγκαῖά
1018 437 1071 462 τε.

334 488 490 535 μᾶλλον
515 487 556 526 δὲ
581 485 756 538 λέκτρων
782 489 865 527 σῶν
890 485 1010 528 πόθος
1034 486 1073 538 μ’
1099 486 1307 540 ἐσέρχεται
1403 501 1488 534 1410

270 553 308 592 ἐς
333 551 403 601 τὴν
429 551 553 603 φύσιν
579 551 808 604 βλέψαντα·
846 553 1008 604 γενναία
1033 554 1108 606 γὰρ
1133 553 1178 594 εῗ.

270 618 341 669 ὅρα
366 616 413 656 δ’·
450 618 528 669 ἐγὼ
555 619 629 669 γὰρ
654 618 857 668 βούλομαί
880 618 918 657 σ’
945 618 1164 671 εὐεργετεῖν

269 687 414 734 λαβεῖν
439 682 472 723 τ’
499 684 538 725 ἐς
564 685 704 725 οἴκους·
742 684 918 738 ἄχθομαί
939 684 986 730 τ’,
1013 687 1112 725 ἵστω
1139 684 1272 731 Θέτις,

270 752 303 790 εἰ
327 748 379 800 μή
406 766 452 790 σε
479 750 599 789 σώσω
627 750 867 791 Δαναΐδαισι
891 752 955 790 διὰ
979 750 1109 804 μάχης

271 816 409 857 ἐλθών.
483 816 673 868 ἄθρησον·
712 817 732 856 ὁ
758 816 924 859 θάνατος
949 816 1077 858 δεινὸν
1104 815 1232 858 κακόν.
1404 831 1487 863 14¹5

172 886 232 935 Ιφ.
265 882 370 934 λέγω
396 881 480 922 τάδ’
507 882 620 923 οὐδὲν
645 882 770 923 οὐδέν’
797 882 1084 934 εὐλαβουμένη.

271 950 291 999 ἡ
317 948 509 1001 Τυνδαρὶς
535 952 626 990 παῖς
651 951 714 990 διὰ
739 948 784 989 τὸ
810 948 909 1000 σῶμ’
935 950 1046 1001 ἀρκεῖ
1066 948 1197 1002 μάχας

269 1016 420 1067 ἀνδρῶν
445 1018 600 1056 τιθεῖσα
625 1015 687 1056 καὶ
714 1014 873 1068 φόνους·
913 1015 962 1056 σὺ
988 1015 1033 1061 δ’,
1061 1013 1091 1055 ὦ
1140 1015 1218 1061 ένε,

267 1081 320 1133 μὴ
347 1084 493 1138 θνῇσκε
519 1081 566 1122 δι’
592 1083 660 1133 ἐμὲ
685 1081 774 1132 μηδ’
799 1082 1030 1137 ἀποκτείνῃς
1055 1081 1154 1128 τινά,

269 1149 313 1188 ἔα
338 1149 380 1187 δὲ
406 1148 539 1202 σῷσαί
560 1148 598 1198 μ’
623 1147 801 1194 Ἑλλάδ’,
828 1145 876 1198 ἢν
901 1148 1113 1199 δυνώμεθα.
1406 1162 1488 1194 1420

170 1219 243 1267 Αχ.
272 1213 300 1254 ὦ
326 1214 418 1265 λῆμ’
445 1214 622 1266 ἄριστον,
652 1214 719 1254 οὐκ
746 1215 825 1267 ἔχω
851 1214 947 1265 πρὸς
972 1213 1073 1254 τοῦτ’
1098 1214 1154 1255 ἔτι

269 1281 416 1333 λέγειν,
445 1281 533 1321 ἐπεί
557 1297 623 1321 σοι
648 1280 741 1321 τάδε
768 1284 885 1321 δοκεῖ·
924 1283 1083 1332 γενναῖα
1108 1282 1182 1333 γὰρ

270 1351 443 1400 φρονεῖς·
481 1348 521 1387 τί
543 1349 618 1399 γὰρ
644 1348 813 1398 τάληθὲς
838 1347 906 1387 οὐκ
933 1348 1035 1387 εἴποι
1059 1363 1117 1389 τις
1143 1347 1209 1394 ἄν,-

267 1415 370 1464 ὅμως
395 1413 441 1459 δ’,
469 1415 565 1455 ἴσως
590 1416 665 1466 γὰρ
693 1413 763 1454 κᾶν
787 1415 1022 1465 μεταγνοίης
1047 1412 1151 1459 τάδε,

268 1478 334 1531 [ὡς
359 1480 427 1520 οὖν
451 1479 499 1520 ἂν
526 1481 628 1536 εἰδῇς
654 1479 743 1521 τάπ’
769 1481 863 1531 ἐμοῦ
886 1476 1140 1532 λελεγμένῳ]
1405 1491 1488 1522 ¹425

268 1547 395 1586 ἐλθὼν
420 1545 502 1586 τάδ’
529 1547 634 1586 ὅπλα
660 1545 831 1597 θήσομαι
855 1549 994 1596 βωμοῦ
1021 1545 1158 1591 πέλας,

268 1613 319 1654 ὡς
344 1613 410 1652 οὐκ
438 1612 569 1653 ἐάσων
595 1612 635 1651 σ’
660 1613 766 1652 ἀλλὰ
791 1612 983 1652 κωλύσων
1008 1614 1155 1652 θανεῖν.

267 1678 399 1734 χρήσῃ
426 1681 466 1719 δὲ
494 1679 555 1718 καὶ
582 1678 632 1718 σὺ
656 1682 738 1720 τοῖς
763 1680 869 1729 ἐμοῖς
894 1678 1030 1730 λόγοις
1055 1677 1171 1732 τάχα,

266 1746 360 1785 ὅταν
385 1744 509 1787 πέλας
536 1747 610 1795 σῆς
637 1744 848 1798 φάσγανον
874 1744 986 1796 δέρης
1011 1746 1108 1800 ἴδῃς.

335 1812 474 1852 οὔκουν
500 1811 606 1851 ἐάσω
633 1811 671 1851 σ’
697 1811 907 1867 ἀφροσύνῃ
931 1816 980 1868 τῇ
1005 1816 1057 1868 σῇ
1083 1813 1228 1851 θανεῖν·
1405 1824 1490 1855 ¹430

268 1879 395 1918 ἐλθὼν
421 1880 463 1918 δὲ
489 1878 564 1918 σὺν
589 1879 728 1919 ὅπλοις
753 1880 887 1918 τοῖσδε
913 1877 1009 1929 πρὸς
1036 1877 1128 1918 ναὸν
1155 1879 1245 1918 θεᾶς

267 1944 523 1997 καραδοκήσω
551 1944 627 1994 σὴν
654 1946 736 1985 ἐκεῖ
763 1945 993 1996 παρουσίαν.

212 2041 295 2077 1406
319 2039 376 2069 σοῦ
393 2047 508 2076 apogr.
527 2036 629 2068 Pax-is.
650 2049 658 2068 :
681 2039 738 2069 τοῦ
757 2036 821 2067 LP
1001 2035 1082 2074 1408
1103 2046 1153 2075 sq.
1171 2035 1234 2066 del.
1253 2034 1355 2066 Monk
1372 2046 1378 2067 :
1403 2035 1491 2065 inter

166 2083 320 2112 diversos
338 2080 440 2110 animi
458 2080 608 2111 adfectus
625 2080 766 2111 haesitat
784 2080 914 2111 iuvenis
1065 2088 1150 2118 1409
1174 2079 1214 2111 ταί
1231 2078 1261 2111 τ’
1278 2080 1435 2120 ἀναγκαῖα
1449 2091 1490 2119 γε

169 2126 193 2155 L
206 2125 244 2155 Ρ2
260 2136 266 2155 :
290 2124 358 2156 τάδ’
377 2125 533 2164 ἀναγκαῖα
547 2137 587 2165 ’γε
606 2123 653 2155 P:
677 2134 760 2155 corr.
783 2124 910 2154 Reiske
1089 2132 1171 2161 1410
1195 2126 1259 2154 σῶν
1275 2121 1326 2162 lp,
1346 2127 1380 2152 ut
1397 2121 1461 2152 vid.
1483 2133 1489 2152 ε

166 2182 216 2207 μοι
235 2172 300 2200 σῶν
318 2167 343 2197 L
357 2167 383 2196 P
568 2177 645 2206 1411
671 2167 748 2208 τὴν]
768 2169 829 2205 σὴν
847 2167 999 2205 Scaliger
1194 2175 1274 2204 1415
1301 2167 1445 2207 ἄθροισον
1463 2164 1490 2194 Ρ

169 2213 251 2249 1416
274 2211 320 2241 sic
340 2209 380 2240 L2
392 2209 431 2240 Ρ2
455 2210 533 2248 (nisi
559 2211 649 2243 οὐδὲν
673 2210 762 2242 οὐδὲν
788 2210 843 2240 19»
863 2222 870 2240 :
894 2210 982 2251 λέγω
998 2210 1075 2242 τάδε
1099 2219 1173 2240 cum
1198 2213 1277 2239 nota
1300 2209 1403 2240 λείπει
1422 2207 1448 2238 L
1463 2207 1488 2237 P

170 2265 248 2294 1417
275 2256 365 2295 ἀρκεῖ
386 2254 539 2284 Hardion
559 2266 566 2285 :
590 2256 681 2296 ἄρχει
707 2253 772 2284 LP
797 2254 873 2295 <Sed
899 2267 924 2284 ει
949 2253 982 2283 in
1008 2263 1072 2284 ras.
1087 2252 1126 2293 p)
1317 2251 1426 2292 μάχης
1448 2250 1488 2280 L²

170 2309 249 2336 1424
273 2300 334 2339 γὰρ
351 2298 528 2329 Hermann
547 2310 553 2328 :
576 2311 616 2338 γε
632 2298 657 2327 L
672 2298 697 2327 P
892 2306 973 2335 1425
998 2295 1261 2336 dittographiam
1278 2306 1307 2326 v.
1324 2305 1404 2333 1424
1422 2293 1484 2324 del.

168 2342 341 2371 Hermann
447 2343 529 2379 1426
554 2342 656 2372 ἐλθὼν
672 2339 743 2373 τάδ’
763 2341 787 2370 L
802 2339 861 2369 P2:
889 2340 1026 2372 ἐλθόντα
1043 2339 1068 2371 δ’
1089 2340 1115 2369 Ρ
1214 2340 1405 2377 1428-1432
1422 2337 1485 2369 del.

167 2390 241 2426 post
261 2384 494 2415 Hermannum
516 2384 679 2415 Dindorf:
711 2384 770 2414 sed
788 2393 951 2425 personae
968 2388 1001 2413 et
1021 2383 1095 2414 loco
1113 2383 1270 2413 convenit
1287 2382 1420 2413 iteratio
