1658 2740
236 547 700 606 ΙΦΙΓΕΝΕΙΑ
751 547 813 601 Η
864 547 980 602 EN
1035 548 1343 601 ΑΤΛΙΔΙ

122 762 457 794 ΑΓΑΜΕΜΝΩΝ

225 822 437 874 Ἐγένοντο
464 821 574 877 Λήδᾳ
600 820 797 862 Θεστιάδι
822 824 926 873 τρεῖς
951 820 1152 874 παρθένοι,

224 889 359 939 Φοίβη
388 888 699 941 Κλυταιμήστρα
723 889 768 935 τ’,
796 888 866 939 ἐμὴ
893 887 1093 940 ξυνάορος,
1407 902 1448 932 50

224 955 369 1005 Ἑλένη
395 972 450 996 τε·
487 956 629 1006 ταύτης
654 957 690 996 οἱ
715 957 763 995 τὰ
788 954 908 1006 πρῶτ’
933 954 1182 1007 ὠλβισμένοι

223 1025 447 1074 μνηστῆρες
474 1021 596 1072 ἦλθον
620 1021 819 1064 Ἑλλάδος
844 1024 1006 1063 νεανίαι.

225 1088 348 1129 δειναὶ
373 1088 406 1128 δ’
433 1089 592 1129 ἀπειλαὶ
619 1089 681 1129 καὶ
707 1088 790 1129 κατ’
815 1088 1004 1139 ἀλλήλων
1030 1089 1153 1140 φόνος

224 1153 437 1205 ξυνίσταθ’,
465 1156 574 1197 ὅστις
598 1155 649 1205 μὴ
676 1154 801 1206 λάβοι
825 1155 896 1205 τὴν
921 1154 1127 1208 παρθένον.

224 1221 268 1262 τὸ
293 1224 454 1274 πρᾶγμα
479 1221 511 1261 δ’
537 1222 692 1274 ἀπόρως
718 1221 801 1275 εἶχε
825 1222 1032 1276 Τυνδάρεῳ
1059 1222 1188 1273 πατρί,
1317 1247 1319 1249 -
1405 1234 1447 1264 55

223 1290 361 1329 δοῦναί
381 1305 423 1329 τε
447 1289 498 1340 μὴ
525 1290 661 1329 δοῦναί
682 1306 737 1335 τε,
763 1291 833 1339 τῆς
857 1289 978 1342 τύχης
1003 1290 1109 1330 ὅπως

224 1354 361 1408 ἅψαιτ’
388 1355 541 1407 ἄριστα.
617 1357 683 1396 καί
704 1372 765 1396 νιν
791 1357 978 1406 εἰσῆλθεν
1001 1355 1106 1396 τάδε·

225 1423 363 1474 ὅρκους
389 1421 568 1475 συνάψαι
594 1419 723 1472 δεξιάς
747 1439 790 1464 τε
815 1426 1043 1474 συμβαλεῖν

224 1491 451 1542 μνηστῆρας
477 1489 695 1541 ἀλλήλοισι
721 1489 783 1530 καὶ
808 1489 856 1530 δι’
882 1490 1064 1542 ἐμπύρων

228 1558 404 1597 σπονδὰς
430 1559 605 1596 καθεῖναι
631 1554 938 1609 κάπαράσασθαι
963 1554 1067 1597 τάδε·
1407 1559 1449 1590 60

225 1623 316 1662 ὅτου
342 1622 439 1675 γυνὴ
465 1622 619 1675 γένοιτο
642 1624 835 1675 Τυνδαρὶς
860 1624 966 1675 κόρη,

227 1688 351 1743 τούτῳ
377 1687 621 1740 ξυναμυνεῖν,
650 1691 686 1730 εἴ
707 1706 765 1731 τις
792 1691 833 1730 ἐκ
859 1690 988 1740 δόμων
1013 1689 1155 1740 λαβὼν

226 1757 379 1808 οἴχοιτο
402 1756 472 1796 τόν
496 1755 528 1795 τ’
554 1755 684 1809 ἔχοντ’
711 1757 887 1806 ἀπωθοίη
912 1755 1070 1809 λέχους,

227 1822 583 1874 κάπιστρατεύσειν
609 1823 671 1863 καὶ
697 1821 972 1875 κατασκάψειν
997 1823 1116 1863 πόλιν

218 1887 390 1939 ’Ἕλλην’
417 1889 558 1939 ὁμοίως
582 1887 792 1942 βάρβαρόν
822 1889 856 1930 θ’
883 1890 1018 1930 ὅπλων
1042 1888 1151 1940 μέτα.
1407 1893 1448 1932 65

167 1991 218 2012 vv.
233 1991 362 2020 49-114
379 1992 480 2012 unum
499 1981 674 2022 prologum
693 1982 926 2022 imperfectum
947 1981 1106 2019 efficiunt,
1119 1991 1172 2012 vv.
1191 1981 1282 2019 1-48‚
1303 1983 1449 2020 115-163

123 2023 268 2055 alterum
292 2035 400 2063 paene
424 2026 635 2064 perfeetum:
663 2026 704 2057 cf.
730 2026 858 2056 initium
886 2026 993 2056 Rhesi
1019 2035 1094 2056 cum
1114 2029 1322 2063 argumento.
1379 2024 1448 2054 Tri-

125 2073 250 2098 metros
282 2067 454 2107 Euripidis
485 2079 570 2100 esse.
610 2075 811 2109 anapaestos
846 2070 1016 2109 Euripidis
1054 2068 1194 2098 minoris
1232 2067 1450 2107 probabiliter

124 2111 245 2142 conicit
264 2111 419 2142 Bremius
438 2112 568 2151 (Plu'lol.
581 2113 749 2153 Beytrci‘ge,
763 2113 897 2144 Turicii.
918 2112 1024 2152 18197.
1073 2111 1291 2150 Antiquiores
1304 2110 1450 2140 Alexan-

123 2154 228 2184 drinis
239 2155 445 2194 temporibus
455 2156 568 2186 ambos
577 2166 652 2186 esse
665 2157 822 2187 evincunt
833 2157 1013 2196 scriptores
1024 2155 1227 2186 Aristoteles
1238 2154 1448 2193 Chrysippus

123 2197 179 2228 alii
204 2197 260 2237 qui
285 2203 462 2238 utrumque
487 2201 614 2230 citant:
637 2200 702 2230 vid.
733 2200 827 2231 infra.
1061 2209 1103 2238 50
1127 2198 1389 2239 κλυταιμνήστρα
1413 2202 1449 2228 ut

124 2241 233 2272 solent
252 2241 338 2272 LP:
363 2253 429 2272 non
446 2243 589 2282 amplius
607 2248 743 2274 notatur
841 2253 882 2282 53
909 2244 1022 2284 φθόνος
1044 2242 1218 2273 Markland
1322 2250 1363 2279 54
1387 2241 1445 2282 fill

125 2285 162 2316 ἂν
178 2295 346 2324 suprascr·
367 2285 394 2315 L
519 2296 559 2325 57
585 2286 716 2328 ἄριστα]
738 2288 899 2329 ἄθραυστοι
921 2287 1170 2326 Hemsterhuys
1189 2295 1231 2316 ex
1250 2284 1448 2323 Hesychio:

126 2329 300 2369 ἄθραυστοι·
315 2329 510 2371 ἂπρόσκοπα.
528 2331 694 2372 Εὐριπίδης
707 2331 880 2373 Ἰφιγενείᾳ
889 2333 931 2373 τῇ
944 2333 978 2363 ἐν
988 2330 1117 2362 Αὐλίδιῑ
1136 2329 1176 2360 cs.
1191 2328 1232 2360 ad
1246 2328 1300 2359 fin.
1318 2328 1448 2359 fabulae

124 2371 199 2404 τόδε
217 2372 346 2403 Barnes
455 2374 496 2403 62
522 2374 710 2413 συναμύνειν
728 2374 754 2405 L
766 2375 792 2405 P
895 2376 937 2414 63
962 2375 1133 2406 &wwflssssssss
1153 2374 1178 2404 P
1194 2384 1200 2404 :
1225 2372 1448 2412 ἀπώσασθαιρ

124 2417 165 2454 64
190 2416 455 2457 κάπιστρατεύειν
474 2418 498 2447 L
512 2417 538 2447 P
554 2429 561 2448 :
585 2428 669 2449 corr.
691 2418 866 2449 Markland
957 2417 1196 2450 κατασκάπτειν
1209 2422 1232 2457 p
