1658 2740
642 128 992 166 ΕΎῬΙΙἸΙΔΟΎ

249 232 280 270 εἰ
305 230 357 281 μὴ
385 231 567 282 κυρήσεις
593 233 805 283 πολεμίους
832 233 909 273 ἀπὸ
927 233 1072 286 χθονὸς

249 297 482 350 φεύγοντας,
511 299 619 339 ἀλλὰ
645 298 719 340 σὸν
744 298 972 350 βλέποντας
997 301 1037 342 ἐς
1062 300 1167 352 δόρυ,

247 364 462 416 νικώμενος
485 367 557 417 μὲν
584 366 668 406 οὔτι
692 366 744 418 μὴ
770 367 895 423 μόλῃς
920 366 1053 408 πάλιν·
1415 379 1474 411 ῙῙ5

246 435 327 474 πῶς
351 433 427 484 γὰρ
451 431 618 484 περάσει
646 433 851 475 σκόλοπας
876 435 918 474 ἐν
942 439 1067 491 τροπῇ
1093 433 1279 485 στρατός;

246 501 328 540 πῶς
352 498 384 538 δ’
410 500 457 540 αὗ
484 499 658 552 γεφύρας
684 499 922 551 διαβαλοῦσ’
949 499 1179 550 ἱππηλάται,

245 561 293 615 ἢν
318 565 393 617 ἆρα
415 565 467 616 μὴ
494 566 738 618 θραύσαντες
765 567 942 620 ἀντύγων
967 568 1108 620 χνόας,·

245 635 362 672 νικῶν
388 631 420 672 δ’
447 631 615 685 ἔφεδρον
640 632 747 673 παῖδ’
775 633 879 686 ἔχεις
903 633 972 674 τὸν
999 632 1179 684 Πηλέως,

245 699 287 740 ὅς
313 698 352 737 σ’
377 699 445 739 οὐκ
471 698 583 739 ἐάσει
607 700 749 740 ναυσὶν
777 701 970 750 ἐμβαλεῖν
995 701 1143 753 φλόγα,
1416 713 1474 735 120

244 765 323 805 οὐδ’
349 765 415 805 ὧδ’
440 765 642 819 Ἀχαιούς,
671 766 722 808 ὡς
748 769 886 813 δοκεῖς,
915 767 1151 818 ἀναρπάσαι.

245 833 366 873 αἴθων
391 834 464 885 γὰρ
491 832 588 884 ἀνὴρ
617 834 678 874 καὶ
705 833 956 886 πεπύργωται
980 835 1080 887 χερί.

245 899 350 939 ἀλλὰ
376 899 546 951 στρατὸν
571 901 643 951 μὲν
670 900 828 954 ἥσυχον
853 900 942 953 παρ’
970 901 1141 942 ἀσπίδας

244 966 369 1006 εὕδειν
394 967 518 1017 ἐῶμεν
545 967 586 1006 ἐκ
616 967 747 1007 κόπων
773 966 1010 1020 ἀρειφάτων,

244 1032 495 1074 κατάσκοπον
522 1035 562 1073 δὲ
591 1034 807 1084 πολεμίων,
835 1033 877 1075 ὃς
902 1034 950 1074 ἂν
974 1033 1084 1090 θέλῃ,
1415 1046 1473 1077 ¹25

244 1098 411 1151 πέμπειν
436 1103 544 1141 δοκεῖ
565 1117 645 1151 μοι·
687 1100 757 1141 κᾶν
783 1102 855 1151 μὲν
879 1102 1063 1153 αἴρωνται
1089 1100 1232 1153 φυγήν,

244 1168 471 1220 στείχοντες
498 1167 736 1218 ἐμπέσωμεν
762 1166 954 1219 Ἀργείων
980 1171 1148 1222 στρατῷ·

244 1235 276 1273 εἰ
303 1232 335 1272 δ’
362 1234 401 1274 ἐς
426 1234 546 1273 δόλον
570 1233 642 1274 τιν’
671 1233 729 1284 ἥδ’
755 1233 842 1285 ἄγει
868 1234 1104 1286 φρυκτωρία,

240 1300 431 1350 μαθόντες
457 1301 612 1354 ἐχθρῶν
638 1302 820 1354 μηχανὰς
846 1301 1097 1341 κατασκόπου

241 1367 586 1418 βουλευσόμεσθα·
626 1366 733 1418 τήνδ’
759 1366 838 1420 ἔχω
864 1367 1036 1419 γνώμην,
1064 1366 1172 1417 ἄναξ.
1412 1381 1473 1412 130

145 1468 216 1506 xo.
377 1466 467 1507 τάδε
493 1469 610 1513 δοκεῖ,
637 1466 730 1507 τάδε
755 1467 1017 1518 μεταθέμενος
1041 1467 1135 1507 νόει.
1369 1464 1470 1520 [στρ.

378 1536 564 1585 σφαλερὰ
590 1532 622 1573 δ’
649 1534 694 1574 οὐ
720 1537 826 1586 φιλῶ
853 1537 1083 1586 στρατηγῶν
1110 1532 1240 1585 κράτη.

508 1602 549 1641 τί
571 1601 646 1652 γὰρ
670 1599 831 1650 ἄμεινον
856 1597 880 1650 ἢ

378 1666 609 1720 ταχυβάταν
633 1670 732 1708 νεῶν
760 1667 957 1708 κατόπταν
982 1671 1121 1719 μολεῖν

445 1733 570 1776 πέλας
595 1735 616 1773 ὅ
640 1735 680 1774 τί
703 1734 790 1774 ποτ’
815 1734 889 1786 ἄρα
914 1734 1038 1776 δαΐοις
1414 1747 1472 1778 135

188 1837 199 1856 1
211 1836 248 1866 15
273 1828 342 1858 οὔτι
360 1827 404 1866 μὴ
420 1826 525 1868 μόλῃς
543 1827 640 1859 πάλιν
655 1827 762 1858 Cobet
779 1838 787 1858 t
811 1827 900 1867 τήνδ’
918 1829 952 1859 οὐ
969 1828 1013 1868 μὴ
1029 1826 1132 1870 μόλῃς
1148 1827 1246 1859 πόλιν
1263 1827 1289 1857 L
1303 1825 1329 1857 P
1344 1837 1351 1858 :
1374 1826 1472 1865 τήνδε

142 1872 183 1910 μὴ
202 1870 304 1910 ,Ῐτήνῖ
319 1872 376 1910 ἐμὴ
392 1870 439 1910 Ο)
454 1871 557 1913 μόλῃς
571 1870 668 1902 πόλιν
683 1870 741 1911 (V)
759 1870 788 1902 O
883 1873 944 1901 116
968 1870 1120 1913 περάσει.
1138 1895 1145 1902 .
1163 1895 1170 1902 .
1188 1870 1327 1912 στρατός
1345 1869 1375 1901 O
1391 1869 1447 1911 (V)
1465 1880 1473 1901 τ

144 1914 288 1955 περάσεις
303 1937 310 1945 .
326 1938 333 1945 .
351 1939 358 1946 .
376 1914 465 1955 δορός
492 1914 518 1944 L
535 1926 541 1945 :
575 1914 706 1954 περάσει
721 1938 728 1945 .
745 1939 751 1946 .
769 1938 776 1945 .
794 1913 882 1955 δορός
910 1914 956 1945 P:
990 1914 1138 1956 περάσεις
1171 1914 1274 1945 minio
1303 1923 1471 1953 suprascr.

143 1967 257 1996 apogr.
275 1969 282 1988 z
317 1957 440 1998 περᾶση
470 1957 515 1987 Ο2
664 1958 724 1987 118
762 1959 819 1999 ἄρα
848 1959 944 1989 codd.
965 1970 971 1989 :
1008 1959 1035 1990 εἰ
1061 1959 1104 1998 μὴ
1133 1959 1192 2000 ἄρα
1219 1956 1472 1998 συνθραύσαντες

143 2001 247 2040 Paley
326 2000 487 2042 ἀντύγων]
510 2001 629 2043 ἀξόνων
643 2001 794 2041 Blaydes
885 2013 914 2033 v.
930 2006 1107 2041 suspectus
1243 2011 1305 2031 120
1324 2002 1353 2032 α’
1366 2010 1428 2032 om.
1446 2000 1472 2030 P

146 2054 201 2074 121
223 2044 392 2085 διαρπάσαι
415 2045 488 2084 (sed
510 2059 547 2077 αν
570 2055 737 2086 suprascr.
757 2046 821 2076 alia
839 2046 900 2083 m.)
918 2055 1035 2086 apogr.
1194 2055 1254 2075 122
1279 2045 1357 2086 ἀνὴρ
1373 2043 1470 2075 codd.

142 2088 320 2129 πεπύρωται
339 2087 369 2118 O
461 2089 534 2130 χερί
552 2089 579 2119 L
591 2089 621 2119 A
634 2089 695 2129 (V)
714 2101 720 2120 :
745 2088 852 2129 θράσει
871 2089 912 2129 O,
930 2100 973 2120 ex
991 2089 1048 2120 Or.
1067 2090 1148 2127 1568
1283 2098 1342 2126 124
1367 2087 1474 2120 κόπων

144 2131 169 2161 L
186 2131 210 2160 P
235 2141 349 2170 apogr.
366 2143 372 2162 :
407 2131 512 2164 πόνων
541 2132 571 2163 O
599 2132 712 2163 Haun.
850 2133 1046 2174 ἀρειφάντων
1073 2132 1099 2163 Ρ
1277 2133 1336 2161 126
1366 2131 1473 2171 φυγήν

145 2175 357 2214 Stephanus:
384 2178 472 2218 φυγῇ
491 2176 587 2207 codd.
685 2177 745 2206 128
763 2177 791 2208 εἶ
807 2176 833 2208 δ’
849 2178 891 2209 εἰς
910 2176 1003 2216 (V)p
1020 2182 1062 2213 et,
1080 2180 1169 2215 puto,
1186 2175 1216 2206 O
1234 2186 1241 2205 :
1263 2175 1292 2206 εἴ
1307 2173 1334 2206 δ’
1352 2176 1391 2207 ὡς
1410 2175 1436 2204 L
1448 2173 1474 2204 P

146 2228 206 2257 129
224 2218 448 2251 κατασκόπους
466 2219 496 2250 O
510 2219 568 2260 (V)
734 2228 796 2258 130
818 2221 949 2261 ’γνώμην
966 2219 1057 2260 ἄναξ]
1076 2219 1249 2261 προθυμίαν
1267 2217 1316 2249 O:
1341 2219 1473 2259 ’γνώμην

147 2263 210 2302 ἐγώ
228 2262 306 2295 Chr.
327 2262 398 2293 Pat.
423 2263 505 2302 1916
628 2272 685 2302 131
711 2263 925 2302 μεταθέμενος
943 2262 1053 2295 Haun.
1070 2273 1076 2293 :
1100 2261 1349 2303 μετατιθέμενος
1366 2260 1396 2290 Ο
1411 2260 1436 2290 L
1448 2259 1474 2290 P

145 2314 262 2344 apogr.
422 2315 482 2345 134
517 2306 682 2338 κατόπταν
708 2306 762 2337 O:
787 2307 954 2345 κατόπτην
978 2306 1050 2337 rell.
1205 2314 1263 2344 135
1298 2306 1343 2336 ὅθι
1369 2303 1472 2345 O(V)

147 2349 220 2389 apa]
239 2350 276 2390 ἂρ
297 2349 321 2378 L
340 2353 372 2378 et
391 2354 425 2379 ut
442 2350 576 2380 videtur
596 2349 639 2381 P:
666 2352 704 2382 ἂν
717 2355 741 2390 p
