1622 2740
632 113 1054 156 PRAEFATIO

179 229 436 269 auctoritate
455 242 566 280 usuS,
584 228 656 268 ubi
675 241 723 267 ea
739 227 886 277 defuit,
902 227 1059 267 iudicio
1078 240 1185 267 meo.
1236 225 1366 279 Quod
1386 227 1418 265 si
1437 241 1503 267 vv.

179 296 328 349 quales
358 303 455 337 sunt
481 296 556 337 Or.
584 297 691 347 1605
720 303 763 336 et
794 309 884 348 sqq.
912 295 1067 336 Phoen.
1092 294 1188 345 606,
1212 295 1293 347 623
1325 302 1503 348 spectes,

179 366 250 405 ubi
269 379 391 406 versu
414 365 523 406 inter
541 366 647 406 duas
670 377 875 417 personas
893 363 1029 404 diviso
1048 363 1211 416 primae
1235 364 1386 404 ultima
1404 369 1504 404 ante

179 434 364 486 primam
396 435 608 475 secundae
639 446 846 487 personae
874 431 1090 486 syllabam
1124 432 1227 472 elisa
1258 438 1336 482 est,
1369 445 1506 484 paene

179 502 356 543 ridicula
400 503 546 543 evadit
590 503 800 555 scriptura
846 502 880 541 si
927 501 1140 553 syllabam
1190 500 1307 541 illam
1355 500 1504 542 elisam

179 571 358 611 omittis.
410 570 511 624 Quo
532 578 658 624 pacto
680 571 794 611 enim
816 570 1040 623 Polynices
1064 570 1208 621 iratus,
1226 583 1324 611 cum
1348 570 1506 620 δώματα

178 639 309 680 vellet
332 640 480 688 dicere,
505 639 650 691 δώμαθ’
673 640 841 688 diceret,
863 639 985 693 quasi
1015 639 1141 679 sciret
1171 638 1346 679 fratrem
1377 639 1505 679 inter-

180 708 442 762 pellaturum
494 723 583 750 esse
634 716 676 750 et
727 723 752 749 a
801 708 953 762 spiritu
1000 721 1151 761 aspero
1204 708 1507 761 incepturum?

181 777 458 818 Leviusculas
488 778 665 831 quidem
704 791 769 817 res
804 783 948 830 tango,
982 791 1067 817 non
1099 777 1217 829 quod
1249 790 1320 817 eas
1357 789 1509 829 graves

180 860 272 888 esse
301 847 486 896 credam,
507 847 583 887 sed
609 860 661 887 ne
685 860 802 887 mero
832 860 943 887 nova
972 846 1177 899 captandi
1200 846 1343 886 studio
1366 852 1509 886 motus

184 929 208 956 a
231 915 540 956 consuetudine
563 915 801 956 inveterata
822 922 984 956 temere
1006 914 1242 955 declinasse
1264 914 1422 954 videar.

244 984 443 1036 Denique
476 983 644 1036 rogavit
676 996 744 1023 me
776 996 913 1036 nuper
944 983 1007 1022 vir
1036 983 1321 1034 μετρικώτατος
1353 981 1510 1022 Paulus

186 1052 312 1092 Maas
355 1052 396 1091 in
442 1051 622 1092 canticis
671 1051 952 1092 discribendis
999 1052 1179 1092 εἵσθεσιυ
1221 1063 1305 1103 qua
1348 1050 1510 1091 ratione

183 1119 483 1161 adhibuerim:
531 1133 670 1173 pauca
707 1120 836 1174 igitur
876 1120 931 1160 de
971 1119 1051 1159 hac
1094 1132 1137 1158 re
1179 1119 1362 1160 dicenda
1397 1124 1510 1159 sunt.

187 1189 245 1229 Et
277 1189 465 1242 primum
496 1189 673 1242 quidem
704 1188 997 1229 confitendum
1030 1193 1094 1228 est
1127 1200 1194 1228 me
1228 1188 1334 1228 inter
1365 1187 1508 1240 legum

187 1258 461 1298 metricarum
508 1258 735 1298 veritatem
783 1264 826 1298 et
874 1257 1079 1298 lectorum
1126 1256 1405 1297 commodum
1454 1256 1512 1297 ita

188 1327 377 1367 medium
408 1327 616 1367 direxisse
643 1340 828 1377 cursum,
850 1332 897 1366 ut
925 1326 981 1366 ab
1006 1325 1124 1366 omni
1153 1331 1275 1378 parte
1304 1325 1386 1365 sibi
1413 1338 1511 1365 con—

187 1401 351 1435 stantes
393 1395 592 1437 εἰσθέσεις
632 1396 839 1449 praebere
882 1409 967 1435 non
1009 1394 1280 1435 tentaverim.
1343 1393 1430 1434 Sed
1472 1394 1512 1434 in

187 1476 357 1504 summa
382 1477 458 1505 nec
488 1464 689 1516 periodos
711 1477 789 1505 nec
811 1463 1062 1517 synapheae
1084 1463 1298 1511 terminos,
1321 1463 1396 1503 sed
1419 1468 1512 1502 tan-

188 1538 282 1572 tum
323 1532 588 1584 singulorum
625 1546 825 1573 versuum
868 1538 1005 1573 metra
1047 1537 1248 1584 totosque
1285 1532 1358 1584 qui
1401 1544 1512 1571 nunc

187 1607 394 1641 vocantur
426 1600 646 1643 ‘Stollen’
680 1601 909 1643 commode
941 1600 1119 1641 definire
1151 1599 1279 1640 volui.
1343 1598 1514 1640 Scilicet

188 1669 343 1709 eadem
377 1670 552 1712 εἵσθεσις
583 1671 698 1711 idem
733 1676 933 1721 metrum,
966 1670 1103 1709 maior
1135 1670 1311 1710 εἵσθεσις
1343 1668 1514 1708 brevius

191 1744 376 1778 metrum
418 1738 486 1779 vel
526 1738 763 1780 clausulam
805 1737 1032 1792 significat.
1096 1737 1145 1777 In
1187 1737 1432 1789 anapaestis
1473 1743 1515 1777 et

189 1805 410 1858 glyconeis
435 1807 580 1848 omnia
606 1807 854 1860 perspicua:
888 1806 964 1846 sed
991 1820 1061 1845 ex.
1087 1819 1149 1859 gr.
1179 1806 1278 1846 vide
1307 1805 1406 1845 Hel.
1433 1805 1510 1855 167

190 1880 233 1914 et
265 1887 356 1927 sqq.
419 1875 485 1915 Ibi
517 1890 583 1916 vv.
623 1875 818 1928 plerique
851 1874 932 1915 hoc
965 1881 1101 1915 metro
1134 1874 1281 1926 scripti
1316 1874 1514 1927 leguntur

189 1962 517 1994 -υ-υ-υ-,
553 1944 766 1992 videlicet,
810 1943 946 1985 troch.
988 1943 1093 1984 dim.
1133 1943 1257 1984 catal.
1293 1943 1380 1982 sive
1417 1943 1515 1982 iam.

189 2010 293 2050 dim.
323 2011 528 2063 procatal.
591 2012 728 2065 Igitur
750 2013 900 2052 eadem
925 2018 988 2052 est
1011 2013 1187 2053 εἵσθεσις
1208 2025 1274 2051 vv.
1302 2011 1392 2061 167,
1421 2010 1514 2062 168,

196 2089 288 2129 171.
348 2079 424 2120 At.
447 2094 514 2120 vv.
542 2081 634 2132 169,
659 2089 737 2131 172
761 2093 847 2121 una
875 2080 1045 2133 syllaba
1075 2079 1117 2119 in
1150 2080 1271 2121 initio
1300 2079 1513 2132 longiores

191 2153 314 2198 sunt;
365 2148 496 2200 igitur
536 2148 775 2201 paullulum
823 2154 1008 2189 exstant.
1073 2148 1126 2188 V.
1173 2158 1247 2200 171
1292 2161 1512 2202 syncopen

192 2216 345 2266 habet,-
372 2217 512 2270 prima
547 2217 722 2259 alterius
756 2217 929 2258 iambici
967 2217 1094 2258 metri
1129 2216 1297 2271 syllaba
1332 2217 1513 2265 omissa3

193 2286 402 2326 maiorem
435 2286 566 2327 habet
605 2286 793 2326 e'c'croecrw.
856 2286 919 2326 At
963 2286 1085 2339 potui
1126 2286 1192 2326 his
1227 2300 1293 2327 vv.
1331 2287 1511 2327 eandem

193 2354 392 2396 omnibus
415 2356 593 2395 εἵσθεσιυ
615 2354 812 2404 tribuere,
832 2368 932 2396 nam
962 2368 1109 2395 omnes
1132 2369 1174 2395 re
1198 2368 1297 2395 vera
1319 2355 1510 2396 eiusdem

839 2435 862 2460 v
