1658 2740
654 125 1003 164 ΕΥΡΙΠΙΔΟΥ

167 231 238 268 Κα.
470 227 607 282 στεῖχέ
634 245 716 275 νυν,
744 227 773 270 ὦ
797 233 880 276 παῖ,
908 228 977 270 τὸν
1002 228 1233 282 Ἀρισταίου

167 363 238 412 Αγ.
467 360 662 413 στένομαί
678 379 738 409 σε,
760 360 894 416 πάτερ.
983 365 1055 404 Κα.
1095 363 1202 416 κάγὼ
1221 360 1318 417 <σέ>,
1338 364 1488 414 τέκνον,

466 428 528 469 καὶ
555 430 629 471 σὰς
655 428 849 481 ἐδάκρυσα
876 428 1127 482 κασιγνήτας.

164 496 238 546 Αγ.
532 498 668 538 δεινῶς
692 498 766 549 γὰρ
791 495 898 537 τάνδ’
925 497 1076 537 αἰκείαν

533 562 730 604 Διόνυσος
755 562 859 614 ἄναξ
879 563 969 606 τοὺς
995 563 1090 605 σοὺς
1116 564 1171 606 εἷς
1409 577 1489 611 1375

666 631 794 672 οἴκους
819 629 974 683 ἔφερεν.

164 696 229 734 Δι.
464 696 525 736 καὶ
551 697 626 748 γὰρ
651 696 833 750 ἔπασχον
859 698 966 737 δεινὰ
991 696 1087 750 πρὸς
1112 697 1231 748 ὑμῶν,

463 761 687 814 ἀγέραστον
712 763 817 816 ἔχων
842 762 950 814 ὄνομ’
976 764 1018 804 ἐν
1044 763 1217 815 Θήβαις.

163 829 236 879 Αγ.
467 833 594 881 χαῖρε,
622 828 756 880 πάτερ,
783 846 861 880 μοι.
1000 832 1073 870 Κα.
1145 829 1262 884 χαῖρ’,
1290 829 1319 871 ὦ
1340 830 1464 882 μελέα

464 895 643 947 θύγατερ.
715 899 900 949 χαλεπῶς
923 892 994 947 <δ’>
1021 898 1061 938 ἐς
1086 896 1166 937 τόδ’
1191 897 1239 938 ἂν
1263 897 1382 948 ἥκοις.
1409 902 1490 943 1380

164 963 236 1013 Αγ.
465 961 585 1014 ἄγετ’,
613 961 642 1002 ὦ
665 965 826 1013 πομποί,
854 980 901 1014 με
929 962 1167 1015 κασιγνήτας

464 1030 527 1069 ἵνα
553 1027 813 1082 συμφυγάδας
837 1029 1038 1082 ληψόμεθ’
1065 1030 1234 1082 οἰκτράς.

465 1097 617 1146 ἔλθοιμι
643 1095 674 1135 δ’
700 1097 797 1137 ὅπου

463 1162 560 1213 μήτε
587 1163 784 1214 Κιθαιρὼν
809 1160 886 1215 (ἔμ’
912 1161 1002 1214 ἴδοι)
1028 1163 1165 1216 μιαρὸς

463 1227 561 1279 μήτε
588 1229 797 1281 Κιθαιρῶν’
825 1231 1016 1271 ὅσσοισιν
1042 1231 1133 1282 ἐγώ,
1409 1236 1488 1276 1385

462 1294 552 1345 μήθ’
577 1296 639 1336 ὅθι
665 1296 813 1348 θύρσου
838 1296 956 1347 μνῆμ’
982 1297 1193 1338 ἀνάκειται·

530 1361 704 1416 Βάκχαις
729 1362 762 1403 δ’
788 1362 955 1404 ἄλλαισι
981 1363 1156 1414 μέλοιεν.

164 1447 234 1485 Xo.
466 1446 614 1486 πολλαὶ
638 1446 790 1499 μορφαὶ
816 1450 894 1488 τῶν
920 1448 1144 1498 δαιμονίων,

464 1514 596 1553 πολλὰ
622 1512 654 1553 δ’
680 1512 864 1555 ἀέλπτως
892 1514 1094 1566 κραίνουσι
1119 1515 1216 1555 θεοί·

466 1579 527 1619 καὶ
552 1581 601 1619 τὰ
625 1579 825 1630 δοκηθέντ’
852 1580 920 1620 οὐκ
945 1580 1151 1631 ἐτελέσθη,
1405 1594 1490 1626 1390

463 1649 541 1686 τῶν
567 1645 599 1686 δ’
624 1645 825 1696 ἀδοκήτων
850 1648 971 1700 πόρον
997 1647 1088 1700 ηὗρε
1115 1648 1212 1689 θεός.

529 1712 670 1754 τοιόνδ’
697 1712 828 1764 ἀπέβη
853 1715 942 1754 τόδε
967 1717 1138 1767 πρᾶγμα.

206 1810 281 1844 post
302 1814 378 1843 1371
400 1805 552 1836 lacunam
571 1806 687 1836 statuit
708 1804 885 1836 Hermann
997 1816 1190 1846 1372-1392
1213 1806 1348 1845 spurios
1365 1806 1490 1837 iudicat

164 1848 284 1878 Nauck
397 1859 478 1888 1372
495 1848 648 1889 στένομαι
668 1848 842 1889 Elmsley:
867 1849 1020 1891 στέρομαι
1040 1850 1066 1880 Ρ
1176 1849 1215 1882 σέ
1229 1850 1338 1890 suppl.
1359 1850 1489 1881 Barnes

165 1901 245 1930 1373
264 1893 479 1932 κασιγνήτους
497 1892 522 1923 P
538 1904 544 1923 :
569 1903 656 1923 corr.
678 1892 811 1924 Barnes
949 1903 1029 1933 1374
1055 1892 1133 1935 γὰρ]
1150 1893 1212 1935 γάρ
1229 1907 1277 1926 τοι
1296 1893 1488 1924 Hermann:

162 1937 268 1967 δεινῶς
289 1935 423 1966 Brunck
443 1936 598 1966 (Musuro
618 1936 714 1976 duce)
824 1937 908 1975 1376
933 1937 1024 1979 ἔφερε
1048 1936 1075 1967 Ρ
1180 1946 1260 1976 1377
1284 1942 1340 1968 Κα.
1359 1937 1408 1968 καὶ
1427 1938 1490 1977 γὰρ

163 1979 310 2019 ἔπασχεν
334 1984 410 2018 post
437 1979 594 2010 Bothium
620 1979 796 2010 Hermann
943 1981 1025 2019 1378
1050 1979 1207 2021 ἀγέρατον
1232 1979 1317 2020 ὄνομ’
1341 1980 1425 2020 ἔχων
1451 1979 1490 2009 P:

161 2031 245 2052 corr.
270 2021 429 2053 Musurus
452 2023 584 2054 Bal-nes
678 2033 760 2062 1379
776 2024 877 2064 πάτερ
905 2023 1085 2055 Musurus:
1113 2024 1136 2055 ὦ
1157 2015 1216 2065 νώ)
1243 2023 1269 2053 Ρ
1360 2024 1444 2062 1380
1460 2021 1489 2055 δ’

161 2065 238 2096 add.
262 2065 389 2096 Reiske
514 2068 595 2106 1382
617 2066 779 2107 ληψώμεθ’
798 2068 824 2098 Ρ
949 2068 1032 2106 1384
1058 2065 1105 2107 ἔμ’
1120 2069 1180 2099 ἴδοι
1197 2066 1308 2106 suppl.
1329 2065 1490 2097 Schoenii

161 2109 289 2139 monitu
308 2109 494 2140 Kirchhoff
647 2111 729 2150 1387
755 2111 912 2152 βάκχαισι
933 2110 959 2140 Ρ
1119 2111 1310 2150 1388—1392
1334 2110 1374 2141 cs.
1403 2109 1490 2140 fines

161 2152 232 2183 Alc.
265 2152 352 2183 Med.
384 2153 490 2184 Andr.
523 2154 601 2185 Hel.
737 2164 816 2194 1391
849 2154 954 2195 πόρων
980 2153 1049 2196 εὗρε
1069 2153 1094 2184 Ρ
1228 2153 1364 2184 Subscr.
1393 2152 1491 2185 τέλος

161 2196 318 2236 εὐριπὶδου
337 2200 471 2237 βακχῶν
489 2197 515 2226 Ρ

205 2273 304 2312 Quod
330 2275 371 2305 ad
395 2275 548 2306 lacunam
574 2280 651 2315 post
675 2286 704 2306 v.
729 2285 812 2315 1329
836 2275 1038 2315 explendam
1063 2275 1196 2314 attinet,
1217 2274 1259 2306 cf.
1278 2274 1431 2314 Apsines
1455 2273 1489 2304 in

162 2317 264 2348 Rhet.
285 2318 341 2349 Gr.
363 2319 416 2350 ed.
436 2319 533 2350 Walz
552 2319 594 2350 ix.
619 2330 650 2359 p.
669 2320 731 2358 587
757 2321 839 2361 παρὰ
862 2323 907 2361 τῷ
926 2319 1074 2361 Εὐριπίδῃ
1098 2321 1156 2351 τοῦ
1180 2317 1322 2351 Πενθέως
1341 2318 1361 2356 ἡ
1385 2318 1490 2357 μήτηρ

164 2361 296 2402 Ἀγαύη,
324 2363 554 2403 ἀπαλλαγεῖσα
577 2365 636 2401 τῆς
659 2364 773 2402 μανίας
797 2364 848 2395 καὶ
872 2363 1060 2404 ’γνωρίσασα
1083 2363 1142 2395 τὸν
1167 2365 1263 2394 παῖδα
1289 2362 1348 2394 τὸν
1375 2362 1490 2398 ἑαυτῆς

164 2404 405 2444 διεσπασμένον.
436 2409 613 2447 κατηγορεῖ
633 2407 692 2446 μὲν
718 2409 830 2444 ἑαυτῆς
857 2407 949 2439 ἔλεον
974 2406 1006 2438 δὲ
1033 2410 1131 2438 κινεῖς
1160 2406 1200 2436 ib.
1231 2416 1259 2446 p.
1289 2415 1352 2445 590
1375 2407 1490 2436 τοῦτον
