1658 2740
331 137 658 175 [ΦΙΓΕΝΕΙΑ
710 138 744 175 Η
800 139 875 175 ΕΝ
927 139 1145 176 ΑΎΛΙΔΙ

172 239 267 281 ἀλλ’
292 242 452 282 αἴδεσαί
473 258 521 292 με
548 242 610 282 καὶ
637 242 882 292 κατοίκτιρον
907 242 1013 291 βίου.

173 309 250 353 ναί,
278 307 374 360 πρὸς
398 308 552 360 γενείου
578 307 616 347 σ’
642 308 870 358 ἀντόμεσθα
895 308 962 347 δύο
989 308 1112 360 φίλω·

173 371 194 413 ὃ
218 376 290 424 μὲν
316 375 486 416 νεοσσός
511 376 634 420 ἐστιν,
662 372 685 424 ἣ
712 374 745 414 δ’
770 373 981 425 ηὐξημένη.

240 440 282 481 ἓν
309 444 558 491 συντεμοῦσα
583 440 711 481 πάντα
736 440 884 491 νικήσω
910 441 1046 492 λόγον·

171 506 216 547 τὸ
243 511 328 559 φῶς
353 507 435 547 τόδ’
461 508 730 559 ἀνθρώποισιν
755 508 920 557 ἥδιστον
946 507 1131 557 βλέπειν,
1312 519 1394 549 1250

173 575 222 614 τὰ
246 573 360 626 νέρθε
385 573 419 614 δ’
445 573 572 614 οὐδέν·
609 575 790 625 μαίνεται
816 573 850 613 δ’
875 573 918 616 ὃς
944 574 1100 626 εὔχεται

171 643 318 681 θανεῖν.
391 644 515 682 κακῶς
543 641 612 691 ζῆν
639 644 828 693 κρεῖσσον
851 637 874 691 ἢ
902 644 1031 682 καλῶς
1057 643 1201 680 θανεῖν.

72 708 145 746 Xo.
172 704 201 746 ὦ
227 709 378 757 τλῆμον
402 706 561 758 Ἑλένη,
590 709 652 748 διὰ
679 709 726 748 σὲ
753 708 816 748 καὶ
841 706 930 750 τοὺς
956 706 1052 749 σοὺς
1077 706 1224 759 γάμους

172 773 280 824 ἀγὼν
307 773 524 825 Ἀτρείδαις
551 774 612 814 καὶ
637 774 790 816 τέκνοις
815 775 900 825 ἥκει
923 773 1060 826 μέγας.

71 841 144 892 Αγ.
166 840 244 891 ἐγὼ
269 838 317 880 τά
341 840 374 880 τ’
401 842 536 892 οἰκτρὰ
561 842 724 883 συνετός
751 842 829 892 εἶμι
855 840 917 880 καὶ
942 842 990 880 τὰ
1013 839 1082 892 μή,
1312 852 1392 883 1-'55

171 909 278 958 φιλῶ
304 906 337 945 τ’
365 908 531 957 ἐμαυτοῦ
555 907 686 947 τέκνα·
723 909 935 958 μαινοίμην
961 908 1035 959 γὰρ
1060 906 1120 947 ἄν.

170 975 305 1015 δεινῶς
331 972 364 1012 δ’
390 973 475 1026 ἔχει
498 991 564 1024 μοι
590 977 712 1013 ταῦτα
737 976 950 1025 τολμῆσαι,
980 973 1105 1025 γύναι,

170 1042 306 1080 δεινῶς
333 1041 374 1079 δὲ
401 1040 462 1079 καὶ
487 1039 553 1089 μή·
592 1044 705 1079 τοῦτο
730 1042 804 1092 γὰρ
832 1039 981 1090 πρᾶξαί
1000 1057 1049 1091 με
1075 1042 1144 1080 δεῖ.

237 1105 345 1157 ὁρᾶθ’
373 1106 472 1146 ὅσον
498 1105 723 1158 στράτευμα
748 1107 1003 1159 ναύφρακτον
1026 1107 1129 1151 τόδε,

170 1171 354 1224 χαλκέων
379 1171 412 1212 θ’
438 1173 574 1212 ὅπλων
600 1172 764 1214 ἄνακτες
788 1171 999 1222 Ἑλλήνων
1025 1174 1127 1218 ὅσοι,
1312 1177 1392 1207 1260
1436 1208 1439 1209 γ

170 1239 229 1280 οῖς
253 1239 396 1280 νόστος
423 1238 490 1278 οὐκ
517 1238 600 1279 ἔστ’
626 1238 748 1279 Ἰλίου
774 1240 945 1291 πύργους
970 1239 1047 1284 ἔπι,

171 1306 204 1345 εἰ
227 1304 278 1356 μή
305 1322 351 1346 σε
377 1306 498 1351 θύσω,
526 1305 663 1356 μάντις
690 1306 740 1348 ὡς
770 1306 935 1359 Κάλχας
958 1305 1082 1357 λέγει,

171 1371 250 1412 οὐδ’
276 1371 363 1412 ἔστι
387 1373 531 1423 Τροίας
557 1371 709 1423 ἐξελεῖν
736 1371 892 1413 κλεινὸν
916 1371 1083 1424 βάθρον.

167 1437 315 1488 μέμηνε
340 1438 372 1478 δ’
400 1437 616 1490 Ἀφροδίτη
644 1456 702 1480 τις
727 1437 938 1489 Ἑλλήνων
963 1442 1118 1494 στρατῷ

169 1507 285 1545 πλεῖν
312 1504 362 1547 ὡς
389 1505 562 1558 τάχιστα
587 1505 810 1557 βαρβάρων
836 1505 900 1546 ἐπὶ
924 1506 1064 1558 χθόνα,
1309 1506 1388 1546 1265

170 1572 322 1611 παῦσαί
343 1589 386 1612 τε
411 1570 588 1623 λέκτρων
615 1573 796 1624 ἁρπαγὰς
820 1571 1084 1621 “Ελληνικῶν·

169 1637 206 1678 οἳ
232 1639 301 1679 τὰς
326 1639 368 1678 ἐν
388 1637 531 1690 ’Άργει
556 1638 773 1690 παρθένους
799 1640 985 1679 κτενοῦσί
1003 1655 1077 1689 μου

161 1705 260 1755 ὑμᾶς
283 1721 326 1745 τε
352 1703 462 1755 κάμέ,
491 1704 660 1757 θέσφατ’
688 1706 720 1745 εἰ
745 1705 858 1744 λύσω
884 1707 987 1747 θεᾶς.

144 1766 146 1769 ’
169 1771 213 1810 οὐ
239 1770 453 1812 Μενέλεώς
477 1788 526 1822 με
553 1772 905 1818 καταδεδούλωται,
929 1771 1083 1817 τέκνον,

168 1837 248 1878 οὐδ’
274 1838 337 1878 ε’πὶ
363 1837 408 1878 τὸ
436 1838 564 1878 κείνου
588 1838 837 1889 βουλόμενον
864 1836 1050 1888 ἐλήλυθα,
1305 1848 1389 1880 I270

168 1903 259 1945 ἀλλ’
284 1903 448 1951 Ἑλλάς,
476 1903 502 1960 ᾗ
527 1907 596 1950 δεῖ,
626 1903 696 1945 κᾶν
723 1903 826 1945 θέλω
853 1904 923 1945 κᾶν
948 1904 999 1955 μὴ
1028 1903 1144 1950 θέλω,

115 1996 196 2034 1246
224 1996 295 2033 βίου
312 1996 513 2027 Markland:
543 1996 615 2033 βίον
636 1996 703 2026 LP
779 2006 860 2035 1247
886 1996 1043 2036 ἂντόμεθα
1064 1995 1216 2036 primitus
1242 1994 1268 2024 L
1329 1993 1391 2025 δύω

70 2039 95 2069 L
109 2039 135 2068 Ρ
241 2042 324 2078 1248
344 2040 450 2080 ἐστιν]
469 2041 511 2071 ὢν
529 2039 572 2071 ἔθ’
589 2039 702 2070 Weil:
733 2040 842 2071 ἔτεσιν
859 2039 995 2078 Madvig
1094 2048 1171 2077 1251
1192 2037 1284 2070 οὐδέν
1296 2036 1387 2068 Stob.

68 2083 99 2113 ss.
118 2093 186 2122 119.
202 2093 244 2121 5:
265 2083 365 2115 οὐδείς
385 2084 409 2113 L
425 2083 451 2113 P
630 2092 709 2121 1251
730 2093 779 2121 sel.
812 2085 916 2114 θανεῖν
933 2083 966 2112 in
984 2083 1051 2112 fine
1070 2093 1100 2113 v.
1125 2092 1203 2120 1251
1223 2091 1286 2111 scr.
1307 2080 1389 2110 LP:

68 2126 164 2156 initio
181 2136 210 2157 v.
235 2136 315 2164 1252
333 2127 401 2157 trai.
426 2125 466 2156 L2
478 2125 518 2156 1³2
645 2135 726 2165 1252
753 2129 856 2157 θανεῖν
872 2129 977 2158 καλῶς
992 2131 1015 2165 p
1144 2126 1226 2164 1256
1254 2126 1338 2163 φιλῶ
1359 2121 1389 2155 τ’

68 2168 265 2200 Markland:
284 2173 388 2210 φιλῶν
407 2169 432 2199 L
448 2169 474 2199 P
609 2180 689 2208 1257
710 2183 762 2209 μοι
781 2170 903 2200 Monk:
921 2183 960 2208 με
979 2169 1004 2199 L
1019 2169 1044 2198 Ρ
1180 2168 1262 2207 1258
1278 2166 1389 2206 τοῦτο]

67 2214 169 2244 ταύτὰ
205 2213 401 2243 Kirchhoff:
443 2215 542 2245 τοῦτο
571 2215 632 2254 γὰρ
664 2213 777 2254 θρᾶξάν
807 2213 838 2253 μ’
866 2213 934 2253 ἔχει
966 2212 1124 2251 Madvig:
1162 2211 1261 2241 lectio
1293 2209 1392 2240 dubia

72 2265 155 2295 1259
177 2256 377 2297 ναύφαρκτον
396 2256 541 2286 Dindorf
671 2259 754 2286 1260
770 2256 915 2288 καλκέων
934 2255 959 2285 L
972 2255 1019 2286 P:
1045 2266 1128 2286 corr.
1151 2254 1192 2284 L2
1204 2254 1243 2284 P2
1270 2253 1336 2293 (vel
1351 2252 1389 2293 p)

71 2300 153 2328 1262
177 2304 252 2338 post
277 2301 358 2338 1263
381 2300 451 2330 trai.
475 2299 652 2330 Markland
762 2301 842 2338 1263
865 2299 946 2340 οὐδ’]
965 2299 1077 2329 malim
1095 2301 1150 2330 οὐκ
1264 2297 1392 2328 κλεινὸν

70 2342 216 2373 Reiske:
243 2344 351 2375 καινὸν
369 2342 395 2372 L
408 2342 434 2372 P
618 2344 700 2374 1266
724 2343 922 2381 Ἑλληνικῶν
940 2342 1106 2381 Elmsley:
1133 2340 1305 2379 ἑλληνικάς
1324 2340 1349 2369 L
1365 2338 1392 2369 P

71 2386 150 2424 1‘267
175 2386 327 2418 κτενοῦσί
345 2385 518 2426 Scaliger:
544 2387 705 2419 κτείνουσί
732 2386 797 2417 LP
899 2387 981 2417 1268
1007 2384 1172 2423 θέσφατον
1190 2384 1216 2415 L
1232 2383 1276 2415 P:
1305 2393 1389 2414 corr.

69 2428 222 2469 Scaliger
