1658 2740
403 101 729 138 ΙΦΙΓΕΧΕΙΑ
785 102 818 138 11
872 101 946 138 EN
999 101 1211 139 ΑΎἋΙΔΙ

247 203 456 255 σοφίζομαι
482 207 522 244 δὲ
551 205 641 245 κάπὶ
669 208 774 245 τοῖσι
800 204 1007 256 φιλτάτοις

243 269 386 323 τέχνας
413 271 570 322 πορίζω,
601 277 785 328 πανταχῇ
811 271 1034 322 νικώμενος.
1400 286 1463 318 745

244 338 347 387 ὅμως
373 339 414 378 δὲ
440 337 514 378 σὺν
542 338 752 391 Κάλχαντι
776 341 829 392 τῷ
855 339 1039 392 θυηπόλῳ

245 409 354 460 κοινῇ
379 404 423 444 τὸ
448 406 516 454 τῆς
543 408 633 445 θεοῦ
662 406 797 456 φίλον,
825 405 911 455 ἐμοὶ
937 404 969 444 δ’
996 404 1064 444 οὐκ
1092 404 1263 459 εὐτυχές,

244 470 521 522 ἐξευπορήσων
549 471 639 522 εἶμι,
669 471 823 524 μόχθον
848 470 1057 513 “Ελλάδος.

244 537 319 589 χρὴ
347 537 378 577 δ’
405 539 447 578 ἐν
479 538 661 588 δόμοισιν
688 537 810 589 ἄνδρα
836 537 904 578 τὸν
931 538 1061 590 σοφὸν
1087 538 1249 591 τρέφειν

243 607 406 655 γυναῖκα
429 604 608 657 χρηστὴν
636 603 823 657 κάγαθήν,
851 601 873 654 ἦ
898 604 949 656 μὴ
976 604 1148 657 τρέφειν.
1402 618 1466 648 750

145 709 216 747 Xo.
445 705 529 757 ἥξει
555 706 599 756 δὴ
628 707 822 757 Σιμόεντα
848 707 910 747 καὶ
1360 704 1461 760 [στρ.

509 775 617 815 δίνας
643 775 905 826 ἀργυροειδεῖς

444 839 577 892 ἄγυρις
602 839 812 881 Ἑλλάνων
839 843 1026 893 στρατιᾶς

442 906 516 947 ἀνά
541 924 582 947 τε
608 908 748 947 ναυσὶν
777 907 837 947 καὶ
864 907 937 947 σὺν
962 908 1102 948 ὅπλοις

502 972 627 1013 Ἴλιον
653 975 692 1015 ἐς
718 974 762 1013 τὸ
789 974 933 1025 Τροίας
1401 985 1463 1017 755

575 1039 771 1090 Φοιβήιον
800 1040 981 1086 δάπεδον,

510 1107 582 1146 τὰν
610 1105 851 1158 Κασάνδραν
877 1106 926 1147 ἵν’
953 1107 1079 1147 ἀκούω

574 1173 726 1225 ῥίπτειν
758 1170 925 1222 ξανθοὺς
951 1173 1176 1224 πλοκάμους

442 1239 684 1294 χλωροκόμῳ
713 1239 902 1295 στεφάνῳ
930 1239 1082 1292 δάφνας

443 1309 725 1357 κοσμηθεῖσαν,
755 1307 850 1347 ὅταν
877 1309 966 1347 θεοῦ
1396 1310 1465 1349 ⁷760

376 1373 615 1424 μαντόσυνοι
641 1373 842 1414 πνεύσωσ’
868 1373 1047 1426 ἀνάγκαι.

444 1473 665 1514 στάσονται
691 1474 723 1514 δ’
750 1475 814 1515 ἐπὶ
839 1474 1054 1527 περγάμων
1362 1471 1462 1528 [ἀντ.

507 1541 651 1593 Τροίας
677 1542 785 1594 ἀμφί
805 1558 847 1582 τε
872 1543 983 1594 τείχη

443 1610 588 1659 Τρῶες,
616 1608 710 1648 ὅταν
736 1608 967 1660 χάλκασπις
983 1607 1107 1660 ’Ἄρης

442 1674 600 1716 πόντιος
627 1672 844 1729 εὐπρῴροιο
870 1673 1024 1715 πλάτας
1401 1678 1463 1717 765

511 1741 661 1794 εἰρεσίᾳ
688 1740 837 1796 πελάζῃ

573 1808 820 1857 Σιμουντίοις
846 1808 1013 1861 ὀχετοῖς,

509 1875 581 1914 τὰν
606 1877 684 1914 τῶν
710 1875 752 1914 ἐν
777 1873 903 1926 αἰθέρι
928 1877 1080 1914 δισσῶν

577 1941 834 1993 Διοσκούρων
858 1940 1029 1981 Ἑλέναν

186 2033 335 2071 746-748
359 2032 424 2064 del.
440 2032 543 2064 Monk
662 2043 721 2072 747
748 2035 835 2074 κοινῆ
853 2032 916 2063 del.
938 2032 978 2062 L2
1096 2033 1192 2074 φίλον
1210 2032 1296 2062 LP:
1320 2032 1464 2073 φίλονγ’

143 2075 184 2106 L2
197 2076 236 2106 P2
379 2077 441 2115 748
462 2077 692 2118 ἐξευπορησων
708 2076 849 2114 scripsi:
876 2075 1097 2117 ἐξκμορήσων
1115 2076 1141 2105 L
1156 2076 1204 2106 P:
1229 2088 1282 2107 ιστ
1300 2076 1332 2105 in
1350 2085 1464 2106 rasura

141 2120 216 2150 add.
239 2119 279 2149 L2
292 2119 332 2149 Ρ2
347 2120 398 2150 vel
415 2120 483 2160 lp:
510 2134 518 2152 ι
537 2130 580 2150 ex
598 2134 611 2152 ε
630 2119 775 2150 factum'
769 2130 801 2150 ln
822 2119 847 2149 P
919 2119 1050 2159 μόχθων
1069 2119 1116 2150 Ρ;
1140 2129 1226 2150 corr.
1238 2125 1263 2159 p
1335 2128 1397 2157 749
1414 2129 1462 2172 sq.

142 2163 274 2193 delebat
292 2163 451 2203 Hartung
604 2174 667 2202 750
690 2165 709 2202 ἢ
723 2165 766 2204 μὴ
783 2166 899 2204 γαμεῖν
916 2162 1091 2193 Hermann
1227 2171 1288 2201 754
1314 2161 1386 2202 ἀνά]
1406 2161 1465 2193 σύν

142 2216 312 2246 suprascr.
333 2206 372 2237 L2
476 2209 587 2239 ναυσὶν
605 2207 648 2238 P:
675 2209 766 2240 ναυσὶ
786 2208 812 2237 L
918 2217 979 2246 755
998 2209 1028 2238 ἐς
1046 2206 1097 2236 h¹C
1111 2205 1150 2243 1³²
1262 2214 1323 2244 759
1339 2212 1464 2246 Χλωρο·

143 2250 239 2290 κόμου
260 2251 431 2281 Fritzsche
531 2252 591 2290 761
609 2251 804 2283 παντόσυνοι
820 2251 845 2281 Ρ
936 2250 1095 2282 πνεύσωσι
1114 2249 1268 2289 primitus
1284 2249 1320 2288 L,
1341 2252 1375 2278 ut
1397 2248 1462 2278 vid.

144 2295 206 2332 763
230 2294 316 2335 τύχη
333 2293 485 2334 primitus
500 2294 549 2325 L:
574 2305 656 2325 corr.
675 2295 758 2334 ipse,
776 2299 811 2325 ut
827 2295 894 2325 vid.
987 2296 1048 2333 765
1072 2293 1200 2325 πόντιος
1217 2303 1247 2323 ν.
1264 2291 1464 2323 antithetico

142 2337 197 2367 vix
220 2339 402 2376 respondet
514 2338 681 2380 εὐπρῴροιο
697 2339 822 2371 πλατας
844 2337 1046 2368 Wecklein:
1071 2337 1255 2378 εὐπρῶροισι
1274 2336 1463 2378 (εὐπρώροισ

145 2380 186 2410 1ss
174 2393 199 2421 η
219 2382 356 2414 πλάταις
375 2382 400 2411 L
415 2382 441 2412 Ρ
575 2385 634 2421 767
662 2395 841 2421 σιμουντειο
858 2396 870 2414 ς
890 2383 915 2412 Ι
