1658 2740
564 93 914 131 ΕΎΡΙΠΙΔΟΎ

168 196 261 235 ὠθεῖ
286 196 460 248 σίδηρον,
493 197 535 235 ἐν
561 198 601 236 δὲ
627 199 733 237 τοῖσι
760 197 969 249 φιλτάτοις

169 265 345 302 θανοῦσα
373 265 497 302 κεῖται
523 263 789 316 περιβαλοῦσ’
815 264 965 316 ἀμφοῖν
990 264 1121 317 χέρας.

233 327 351 386 ἀνῇξε
381 328 413 368 δ’
441 329 555 380 ὀρθὸς
581 330 679 372 λαὸς
705 331 759 373 εἰς
784 331 866 382 ἕριν
890 331 1037 384 λόγων,
1313 338 1398 378 1460

165 395 277 446 ἡμεῖς
299 397 372 446 μὲν
399 396 450 438 ὡς
479 400 648 438 νικῶντα
673 398 872 448 δεσπότην
897 399 1004 448 ἐμόν,

164 462 200 501 οἳ
226 462 258 501 δ’
286 461 337 504 ὡς
362 464 526 503 ἐκεῖνον.
603 462 651 513 ἦν
676 462 708 505 δ’
733 463 813 515 ἔρις
839 464 1144 516 στρατηλάταις,

163 529 201 568 οἲ
225 531 298 579 μὲν
326 528 496 579 πατάξαι
525 530 677 581 πρόσθε
704 533 928 581 Πολυνείκη
955 533 1052 583 δορί,

166 594 201 634 οἳ
225 594 259 634 δ’
286 595 337 637 ὡς
367 596 568 636 θανόντων
596 597 766 647 οὐδαμοῦ
791 599 878 648 νίκη
905 597 1033 638 πέλοι.

233 663 304 702 κάν
328 662 419 716 τῷδ’
447 661 641 713 ὑπεξῆλθ’
666 663 878 716 Ἀντιγόνη
905 669 1075 717 στρατοῦ
1101 666 1204 719 δίχα.
1315 671 1397 711 1465

162 728 199 767 οἳ
226 728 259 768 δ’
285 729 340 770 εἷς
366 728 460 768 ὅπλ’
485 728 635 785 ᾖσσον·
677 729 718 770 ef)
744 729 787 770 δέ
811 747 893 772 πως
918 732 1116 786 προμηθία

164 797 339 845 καθῆστο
371 794 531 846 Κάδμου
555 795 652 838 λαὸς
678 796 858 837 ἀσπίδων
882 796 961 837 ἔπι·

165 860 370 914 κᾶφθημεν
399 862 506 902 οὔπω
532 863 720 916 τεύχεσιν
745 863 1028 916 πεφραγμένον

162 927 344 981 Ἀργεῖον
371 929 618 971 ἐσπεσόντες
645 929 837 982 ἐξαίφνης
862 931 1047 983 στρατόν.

165 995 315 1037 κούδεὶς
340 995 506 1046 ὑπέστη,
538 997 654 1037 πεδία
679 995 712 1037 δ’
738 996 1041 1048 ἐξεπίμπλασαν
1317 1010 1399 1042 ¹470

166 1063 395 1114 φεύγοντες,
424 1063 528 1114 ἔρρει
554 1062 586 1103 δ’
612 1064 708 1115 αἷμα
731 1064 880 1116 μυρίων
904 1068 1050 1116 νεκρῶν

163 1129 334 1182 λόγχαις
359 1127 593 1170 πιτνόντων.
667 1130 719 1172 ὡς
745 1130 778 1171 δ’
804 1132 991 1182 ἐνικῶμεν
1014 1130 1138 1189 μάχῃ,

163 1196 198 1235 οἳ
221 1198 294 1246 μὲν
321 1196 418 1239 Διὸς
446 1200 637 1248 τροπαῖον
661 1197 835 1238 ἵστασαν
859 1196 1019 1249 βρέτας,

164 1262 200 1302 οἳ
226 1262 258 1301 δ’
284 1264 456 1305 ἀσπίδας
486 1268 686 1305 συλῶντες
712 1263 903 1316 Ἀργείων
928 1268 1075 1316 νεκρῶν

165 1330 402 1381 σκυλεύματ’
431 1331 527 1370 ε’ίσω
553 1330 720 1384 τειχέων
747 1330 985 1382 ἐπέμπομεν.
1316 1343 1395 1375 1475

166 1396 284 1436 ἄλλοι
310 1398 350 1436 δὲ
376 1396 466 1438 τοὺς
496 1395 686 1438 θανόντας
714 1398 946 1450 Ἀντιγόνης
970 1397 1069 1450 μέτα

166 1463 325 1514 νεκροὺς
352 1462 547 1516 φέρουσιν
575 1463 706 1504 ἐνθάδ’
734 1464 908 1505 οἰκτίσαι
932 1466 1081 1517 φίλοις.

164 1529 279 1570 πόλει
305 1530 338 1570 δ’
364 1531 516 1582 ἀγῶνες
541 1531 577 1571 οἳ
603 1533 675 1581 μὲν
702 1529 983 1584 εὐτυχέστατοι

163 1596 243 1652 τῇδ’
267 1595 481 1648 ἐξέβησαν,
513 1597 550 1638 οἳ
575 1599 617 1638 δὲ
644 1597 970 1651 δυστυχέστατοι.

68 1699 137 1736 Χο.
299 1697 368 1738 οὐκ
394 1699 449 1740 εἷς
476 1699 595 1740 ἀκοὰς
621 1698 678 1739 ἔτι
704 1699 896 1752 δυστυχία
1316 1703 1398 1742 1430

300 1765 479 1815 δώματος
501 1765 601 1816 ἥκει·
642 1764 746 1817 πάρα
770 1767 845 1818 γὰρ
870 1766 1063 1806 λεύσσειν

300 1832 490 1882 πτώματα
516 1835 663 1884 νεκρῶν
688 1836 865 1884 τρισσῶν
889 1832 961 1883 ἤδη

303 1897 397 1938 τάδε
422 1898 519 1950 πρὸς
545 1897 758 1952 μελάθροις
784 1903 898 1954 κοινῷ
926 1898 1079 1954 θανάτῳ

369 1966 532 2006 σκοτίαν
558 1967 680 2006 αἰῶνα
704 1963 928 2019 λαχόντων.

110 2057 190 2094 1458
215 2057 274 2088 σὺν
298 2056 421 2089 τέκνοις
440 2057 474 2089 δὲ
494 2058 664 2098 φιλτάτοις
681 2071 733 2099 Ὑρ-
755 2057 783 2088 Β
965 2067 1047 2097 1459
1071 2058 1164 2098 ἄμφω
1181 2056 1280 2089 τέκνα
1294 2070 1345 2098 Ὑρ.
1368 2057 1394 2088 Β

68 2101 148 2137 1460
173 2099 275 2140 ὀρθὸς]
305 2100 401 2141 ὀρθῶς
426 2101 581 2140 primitus
606 2101 654 2133 V:
681 2101 768 2141 ὀρθὸς
793 2103 809 2133 ὁ
831 2101 857 2131 L
1038 2103 1119 2140 1463
1143 2101 1317 2139 πολυνείκη
1344 2100 1369 2130 Β
1390 2113 1396 2118 ·

63 2144 256 2180 mmmmm
274 2144 344 2174 rell.
466 2145 545 2183 1464
570 2143 662 2176 πέλοι
681 2144 713 2175 Μ
726 2143 756 2174 Α
770 2144 795 2174 L
814 2155 857 2175 v:
880 2144 972 2176 πέλει
991 2144 1059 2174 BV
1072 2143 1097 2173 P
1204 2146 1284 2183 1465
1309 2144 1396 2174 dam-

64 2186 153 2216 navit
170 2186 386 2216 Valckenaer
516 2188 597 2225 1468
620 2187 847 2230 πεφαργμένον
866 2186 1013 2218 Dindorf
1141 2197 1222 2227 1473
1246 2190 1396 2229 τροπαῖον

64 2228 105 2257 Β2
122 2240 127 2258 ;
153 2229 304 2270 τρόπαῖον
321 2229 351 2259 Α
369 2242 375 2260 :
399 2230 552 2271 τρόπαιον
568 2230 640 2261 rell.
817 2240 896 2271 1477
923 2232 1036 2272 φίλους
1056 2231 1082 2261 L
1095 2231 1121 2261 P
1294 2231 1397 2271 1478—

67 2282 147 2310 1479
173 2275 213 2314 τῇ
227 2272 286 2311 μὲν
305 2274 539 2313 εὐτυχέστατοι
558 2272 615 2304 οἵδ’
635 2273 804 2314 ἐξέβησαν,
831 2276 871 2316 τῇ
890 2274 923 2306 δὲ
944 2274 1041 2305 Kock
1060 2285 1078 2305 e
1095 2279 1130 2313 Σ,
1149 2275 1204 2314 qui
1224 2277 1240 2306 ὁ
1257 2274 1395 2313 πόλεμος

92 2339 98 2344 .
121 2339 126 2345 .
149 2318 191 2353 πῆ
210 2315 269 2354 μὲν
288 2318 331 2347 εἰς
349 2318 448 2347 καλὸν
463 2316 644 2355 ἐκβέβηκεν
659 2318 749 2359 αὐτῇ,
770 2319 813 2355 πῆ
831 2317 865 2350 δὲ
884 2319 925 2348 εἰς
944 2318 1130 2351 τοῢναντῖον
1239 2317 1319 2357 1482
1337 2318 1395 2348 σώ-

63 2371 148 2397 ματα
161 2372 212 2398 γρ.
234 2359 262 2387 V

1647 911 1658 1183 „gsm
1648 740 1658 907 «νυ-Η
1654 702 1658 733 —
