<?xml version="1.0" encoding="UTF-8"?>
<!DOCTYPE html PUBLIC "-//W3C//DTD XHTML 1.0 Transitional//EN"
    "http://www.w3.org/TR/xhtml1/DTD/xhtml1-transitional.dtd">
<html xmlns="http://www.w3.org/1999/xhtml" xml:lang="en" lang="en">
 <head>
  <title>
</title>
<meta http-equiv="Content-Type" content="text/html;charset=utf-8" />
  <meta name='ocr-system' content='tesseract 3.04.00' />
  <meta name='ocr-capabilities' content='ocr_page ocr_carea ocr_par ocr_line ocrx_word'/>
</head>
<body>
  <div class='ocr_page' id='page_1' title='image "./euripidisfabulae03euriuoft_0391.png"; bbox 0 0 1658 2740; ppageno 0'>
   <div class='ocr_carea' id='block_1_1' title="bbox 677 115 870 151">
    <p class='ocr_par' dir='ltr' id='par_1_1' title="bbox 677 115 870 151">
     <span class='ocr_line' id='line_1_1' title="bbox 677 115 870 151; baseline 0 0"><span class='ocrx_word' id='word_1_1' title='bbox 677 115 870 151; x_wconf 79' lang='grc' dir='ltr'>ΡΗΣΟΣ</span> 
     </span>
    </p>
   </div>
   <div class='ocr_carea' id='block_1_2' title="bbox 112 216 1435 2004">
    <p class='ocr_par' dir='ltr' id='par_1_2' title="bbox 112 216 1435 2004">
     <span class='ocr_line' id='line_1_2' title="bbox 214 216 1284 270; baseline 0.002 -15"><span class='ocrx_word' id='word_1_2' title='bbox 214 218 466 269; x_wconf 82' lang='grc' dir='ltr'>σκυλεύματ’;</span> <span class='ocrx_word' id='word_1_3' title='bbox 505 216 527 268; x_wconf 80' lang='grc' dir='ltr'>ἦ</span> <span class='ocrx_word' id='word_1_4' title='bbox 554 220 631 259; x_wconf 75' lang='grc' dir='ltr'>πᾶν</span> <span class='ocrx_word' id='word_1_5' title='bbox 658 219 924 270; x_wconf 83' lang='grc' dir='ltr'>στρατόπεδον</span> <span class='ocrx_word' id='word_1_6' title='bbox 951 217 1113 269; x_wconf 76' lang='grc' dir='ltr'>πέρσειν</span> <span class='ocrx_word' id='word_1_7' title='bbox 1140 219 1284 263; x_wconf 85' lang='grc' dir='ltr'>δοκεῖς;</span> 
     </span>
     <span class='ocr_line' id='line_1_3' title="bbox 116 283 1179 336; baseline 0 -14"><span class='ocrx_word' id='word_1_8' title='bbox 116 288 180 323; x_wconf 83' lang='grc' dir='ltr'>Δι.</span> <span class='ocrx_word' id='word_1_9' title='bbox 215 286 372 330; x_wconf 84' lang='grc' dir='ltr'>πείθεις,</span> <span class='ocrx_word' id='word_1_10' title='bbox 400 284 521 324; x_wconf 82' lang='grc' dir='ltr'>πάλιν</span> <span class='ocrx_word' id='word_1_11' title='bbox 548 286 782 336; x_wconf 90' lang='grc' dir='ltr'>στείχωμεν·</span> <span class='ocrx_word' id='word_1_12' title='bbox 823 283 863 323; x_wconf 76' lang='grc' dir='ltr'>εὖ</span> <span class='ocrx_word' id='word_1_13' title='bbox 889 283 921 321; x_wconf 88' lang='grc' dir='ltr'>δ’</span> <span class='ocrx_word' id='word_1_14' title='bbox 950 284 1007 332; x_wconf 83' lang='grc' dir='ltr'>εἴη</span> <span class='ocrx_word' id='word_1_15' title='bbox 1034 285 1179 335; x_wconf 79' lang='grc' dir='ltr'>τυχεῖν.</span> 
     </span>
     <span class='ocr_line' id='line_1_4' title="bbox 114 368 288 398; baseline 0.011 -2"><span class='ocrx_word' id='word_1_16' title='bbox 114 368 213 397; x_wconf 83' lang='grc' dir='ltr'>ΑΘΗ</span> <span class='ocrx_word' id='word_1_17' title='bbox 226 369 288 398; x_wconf 85' lang='grc' dir='ltr'>ΝΑ</span> 
     </span>
     <span class='ocr_line' id='line_1_5' title="bbox 212 424 1430 478; baseline 0.002 -11"><span class='ocrx_word' id='word_1_18' title='bbox 212 432 282 469; x_wconf 83' lang='grc' dir='ltr'>ποῖ</span> <span class='ocrx_word' id='word_1_19' title='bbox 303 427 348 478; x_wconf 80' lang='grc' dir='ltr'>δὴ</span> <span class='ocrx_word' id='word_1_20' title='bbox 373 428 556 469; x_wconf 76' lang='grc' dir='ltr'>λιπόντες</span> <span class='ocrx_word' id='word_1_21' title='bbox 583 430 768 478; x_wconf 83' lang='grc' dir='ltr'>Τρωικῶν</span> <span class='ocrx_word' id='word_1_22' title='bbox 794 428 836 467; x_wconf 88' lang='grc' dir='ltr'>ἐκ</span> <span class='ocrx_word' id='word_1_23' title='bbox 861 424 1010 476; x_wconf 80' lang='grc' dir='ltr'>τάξεων</span> <span class='ocrx_word' id='word_1_24' title='bbox 1369 440 1430 471; x_wconf 88' lang='grc'>595</span> 
     </span>
     <span class='ocr_line' id='line_1_6' title="bbox 212 492 976 550; baseline -0.003 -15"><span class='ocrx_word' id='word_1_25' title='bbox 212 498 389 547; x_wconf 89' lang='grc' dir='ltr'>χωρεῖτε,</span> <span class='ocrx_word' id='word_1_26' title='bbox 415 494 520 550; x_wconf 89' lang='grc' dir='ltr'>λύπῃ</span> <span class='ocrx_word' id='word_1_27' title='bbox 547 494 706 546; x_wconf 85' lang='grc' dir='ltr'>καρδίαν</span> <span class='ocrx_word' id='word_1_28' title='bbox 733 492 976 545; x_wconf 81' lang='grc' dir='ltr'>δεδηγμένοι,</span> 
     </span>
     <span class='ocr_line' id='line_1_7' title="bbox 213 556 1138 614; baseline 0 -14"><span class='ocrx_word' id='word_1_29' title='bbox 213 562 246 600; x_wconf 87' lang='grc' dir='ltr'>εἰ</span> <span class='ocrx_word' id='word_1_30' title='bbox 270 561 322 611; x_wconf 79' lang='grc' dir='ltr'>μὴ</span> <span class='ocrx_word' id='word_1_31' title='bbox 349 564 502 601; x_wconf 84' lang='grc' dir='ltr'>κτανεῖν</span> <span class='ocrx_word' id='word_1_32' title='bbox 528 561 640 614; x_wconf 73' lang='grc' dir='ltr'>σφῷν</span> <span class='ocrx_word' id='word_1_33' title='bbox 659 558 821 611; x_wconf 44' lang='grc' dir='ltr'>(Ἕκτορ’</span> <span class='ocrx_word' id='word_1_34' title='bbox 846 556 869 610; x_wconf 84' lang='grc' dir='ltr'>ἢ</span> <span class='ocrx_word' id='word_1_35' title='bbox 895 558 1025 611; x_wconf 85' lang='grc' dir='ltr'>Πάριν</span> <span class='ocrx_word' id='word_1_36' title='bbox 1050 557 1138 601; x_wconf 79' lang='grc' dir='ltr'>θεὸς</span> 
     </span>
     <span class='ocr_line' id='line_1_8' title="bbox 214 625 1119 679; baseline 0 -13"><span class='ocrx_word' id='word_1_37' title='bbox 214 627 393 674; x_wconf 86' lang='grc' dir='ltr'>δίδωσιν;</span> <span class='ocrx_word' id='word_1_38' title='bbox 431 626 553 679; x_wconf 85' lang='grc' dir='ltr'>ἄνδρα</span> <span class='ocrx_word' id='word_1_39' title='bbox 578 626 611 666; x_wconf 86' lang='grc' dir='ltr'>δ’</span> <span class='ocrx_word' id='word_1_40' title='bbox 637 626 681 666; x_wconf 87' lang='grc' dir='ltr'>οὐ</span> <span class='ocrx_word' id='word_1_41' title='bbox 706 625 884 667; x_wconf 85' lang='grc' dir='ltr'>πέπυσθε</span> <span class='ocrx_word' id='word_1_42' title='bbox 909 625 1119 678; x_wconf 89' lang='grc' dir='ltr'>σύμμαχον</span> 
     </span>
     <span class='ocr_line' id='line_1_9' title="bbox 210 692 1106 747; baseline 0 -15"><span class='ocrx_word' id='word_1_43' title='bbox 210 695 334 747; x_wconf 78' lang='grc' dir='ltr'>Τροίᾳ</span> <span class='ocrx_word' id='word_1_44' title='bbox 357 694 532 744; x_wconf 88' lang='grc' dir='ltr'>μολόντα</span> <span class='ocrx_word' id='word_1_45' title='bbox 555 692 701 743; x_wconf 87' lang='grc' dir='ltr'>Ῥῆσον</span> <span class='ocrx_word' id='word_1_46' title='bbox 726 692 771 732; x_wconf 81' lang='grc' dir='ltr'>οὐ</span> <span class='ocrx_word' id='word_1_47' title='bbox 795 692 935 746; x_wconf 84' lang='grc' dir='ltr'>φαύλῳ</span> <span class='ocrx_word' id='word_1_48' title='bbox 962 692 1106 747; x_wconf 81' lang='grc' dir='ltr'>τρόπῳ.</span> 
     </span>
     <span class='ocr_line' id='line_1_10' title="bbox 212 757 1432 811; baseline -0.001 -12"><span class='ocrx_word' id='word_1_49' title='bbox 212 758 254 800; x_wconf 81' lang='grc' dir='ltr'>ὃς</span> <span class='ocrx_word' id='word_1_50' title='bbox 280 761 312 800; x_wconf 84' lang='grc' dir='ltr'>εἰ</span> <span class='ocrx_word' id='word_1_51' title='bbox 337 761 476 800; x_wconf 85' lang='grc' dir='ltr'>διοίσει</span> <span class='ocrx_word' id='word_1_52' title='bbox 500 759 619 800; x_wconf 87' lang='grc' dir='ltr'>νύκτα</span> <span class='ocrx_word' id='word_1_53' title='bbox 644 757 749 808; x_wconf 85' lang='grc' dir='ltr'>τήνδ’</span> <span class='ocrx_word' id='word_1_54' title='bbox 776 761 815 800; x_wconf 83' lang='grc' dir='ltr'>ἐς</span> <span class='ocrx_word' id='word_1_55' title='bbox 839 759 984 811; x_wconf 80' lang='grc' dir='ltr'>αὔριον,</span> <span class='ocrx_word' id='word_1_56' title='bbox 1368 761 1432 792; x_wconf 86' lang='lat'>600</span> 
     </span>
     <span class='ocr_line' id='line_1_11' title="bbox 210 824 1122 878; baseline -0.001 -14"><span class='ocrx_word' id='word_1_57' title='bbox 210 826 298 866; x_wconf 81' lang='grc' dir='ltr'>οὔτε</span> <span class='ocrx_word' id='word_1_58' title='bbox 323 825 396 877; x_wconf 88' lang='grc' dir='ltr'>σφ’</span> <span class='ocrx_word' id='word_1_59' title='bbox 420 824 634 878; x_wconf 84' lang='grc' dir='ltr'>Ἀχιλλεὺς</span> <span class='ocrx_word' id='word_1_60' title='bbox 659 825 738 865; x_wconf 80' lang='grc' dir='ltr'>οὔτ’</span> <span class='ocrx_word' id='word_1_61' title='bbox 764 824 811 865; x_wconf 81' lang='grc' dir='ltr'>ἂν</span> <span class='ocrx_word' id='word_1_62' title='bbox 837 827 1006 866; x_wconf 86' lang='grc' dir='ltr'>Αἴαντος</span> <span class='ocrx_word' id='word_1_63' title='bbox 1031 824 1122 877; x_wconf 90' lang='grc' dir='ltr'>δόρυ</span> 
     </span>
     <span class='ocr_line' id='line_1_12' title="bbox 209 890 1229 943; baseline 0 -13"><span class='ocrx_word' id='word_1_64' title='bbox 209 891 261 942; x_wconf 82' lang='grc' dir='ltr'>μὴ</span> <span class='ocrx_word' id='word_1_65' title='bbox 287 890 414 932; x_wconf 88' lang='grc' dir='ltr'>πάντα</span> <span class='ocrx_word' id='word_1_66' title='bbox 439 890 585 943; x_wconf 89' lang='grc' dir='ltr'>πέρσαι</span> <span class='ocrx_word' id='word_1_67' title='bbox 611 891 828 943; x_wconf 85' lang='grc' dir='ltr'>ναύσταθμ’</span> <span class='ocrx_word' id='word_1_68' title='bbox 854 891 1047 943; x_wconf 85' lang='grc' dir='ltr'>Ἀργείων</span> <span class='ocrx_word' id='word_1_69' title='bbox 1077 890 1229 943; x_wconf 85' lang='grc' dir='ltr'>σχέθοι,</span> 
     </span>
     <span class='ocr_line' id='line_1_13' title="bbox 210 956 1019 1011; baseline -0.001 -13"><span class='ocrx_word' id='word_1_70' title='bbox 210 959 322 1010; x_wconf 81' lang='grc' dir='ltr'>τείχη</span> <span class='ocrx_word' id='word_1_71' title='bbox 349 956 665 1011; x_wconf 79' lang='grc' dir='ltr'>κατασκάψαντα</span> <span class='ocrx_word' id='word_1_72' title='bbox 693 958 754 998; x_wconf 82' lang='grc' dir='ltr'>καὶ</span> <span class='ocrx_word' id='word_1_73' title='bbox 779 962 915 998; x_wconf 82' lang='grc' dir='ltr'>πυλῶν</span> <span class='ocrx_word' id='word_1_74' title='bbox 940 958 1019 998; x_wconf 85' lang='grc' dir='ltr'>ἔσω</span> 
     </span>
     <span class='ocr_line' id='line_1_14' title="bbox 209 1024 1056 1080; baseline 0 -16"><span class='ocrx_word' id='word_1_75' title='bbox 209 1025 340 1080; x_wconf 83' lang='grc' dir='ltr'>λόγχῃ</span> <span class='ocrx_word' id='word_1_76' title='bbox 367 1029 559 1065; x_wconf 82' lang='grc' dir='ltr'>πλατεῖαν</span> <span class='ocrx_word' id='word_1_77' title='bbox 587 1024 785 1077; x_wconf 81' lang='grc' dir='ltr'>ἐσδρομὴν</span> <span class='ocrx_word' id='word_1_78' title='bbox 810 1025 1056 1075; x_wconf 85' lang='grc' dir='ltr'>ποιούμενον.</span> 
     </span>
     <span class='ocr_line' id='line_1_15' title="bbox 211 1089 1431 1144; baseline 0.003 -15"><span class='ocrx_word' id='word_1_79' title='bbox 211 1093 350 1130; x_wconf 79' lang='grc' dir='ltr'>τοῦτον</span> <span class='ocrx_word' id='word_1_80' title='bbox 375 1093 566 1133; x_wconf 81' lang='grc' dir='ltr'>κατακτὰς</span> <span class='ocrx_word' id='word_1_81' title='bbox 593 1089 705 1132; x_wconf 86' lang='grc' dir='ltr'>πάντ’</span> <span class='ocrx_word' id='word_1_82' title='bbox 730 1091 847 1144; x_wconf 83' lang='grc' dir='ltr'>ἔχεις.</span> <span class='ocrx_word' id='word_1_83' title='bbox 918 1092 987 1132; x_wconf 80' lang='grc' dir='ltr'>τὰς</span> <span class='ocrx_word' id='word_1_84' title='bbox 1011 1090 1044 1131; x_wconf 81' lang='grc' dir='ltr'>δ’</span> <span class='ocrx_word' id='word_1_85' title='bbox 1062 1089 1255 1143; x_wconf 61' lang='grc' dir='ltr'>’Έκτορος</span> <span class='ocrx_word' id='word_1_86' title='bbox 1369 1093 1431 1133; x_wconf 84' lang='grc'>605</span> 
     </span>
     <span class='ocr_line' id='line_1_16' title="bbox 212 1155 1150 1209; baseline 0.002 -13"><span class='ocrx_word' id='word_1_87' title='bbox 212 1155 326 1198; x_wconf 82' lang='grc' dir='ltr'>εὐνὰς</span> <span class='ocrx_word' id='word_1_88' title='bbox 351 1157 472 1197; x_wconf 83' lang='grc' dir='ltr'>ἔασον</span> <span class='ocrx_word' id='word_1_89' title='bbox 499 1157 560 1196; x_wconf 87' lang='grc' dir='ltr'>καὶ</span> <span class='ocrx_word' id='word_1_90' title='bbox 590 1158 831 1209; x_wconf 86' lang='grc' dir='ltr'>καρατόμους</span> <span class='ocrx_word' id='word_1_91' title='bbox 858 1155 1033 1209; x_wconf 85' lang='grc' dir='ltr'>σφαγάς·</span> <span class='ocrx_word' id='word_1_92' title='bbox 1146 1158 1150 1162; x_wconf 77' lang='grc'><strong>’</strong></span> 
     </span>
     <span class='ocr_line' id='line_1_17' title="bbox 210 1221 1117 1278; baseline 0 -15"><span class='ocrx_word' id='word_1_93' title='bbox 210 1222 322 1263; x_wconf 80' lang='grc' dir='ltr'>ἔσται</span> <span class='ocrx_word' id='word_1_94' title='bbox 346 1225 422 1275; x_wconf 80' lang='grc' dir='ltr'>γὰρ</span> <span class='ocrx_word' id='word_1_95' title='bbox 447 1223 548 1278; x_wconf 77' lang='grc' dir='ltr'>αὐτῷ</span> <span class='ocrx_word' id='word_1_96' title='bbox 573 1221 739 1265; x_wconf 87' lang='grc' dir='ltr'>θάνατος</span> <span class='ocrx_word' id='word_1_97' title='bbox 765 1222 812 1273; x_wconf 80' lang='grc' dir='ltr'>ἐξ</span> <span class='ocrx_word' id='word_1_98' title='bbox 833 1222 961 1274; x_wconf 80' lang='grc' dir='ltr'>ἄλλης</span> <span class='ocrx_word' id='word_1_99' title='bbox 985 1224 1117 1277; x_wconf 88' lang='grc' dir='ltr'>χερός.</span> 
     </span>
     <span class='ocr_line' id='line_1_18' title="bbox 112 1287 1135 1346; baseline 0.002 -18"><span class='ocrx_word' id='word_1_100' title='bbox 112 1290 183 1328; x_wconf 88' lang='grc' dir='ltr'>Οδ.</span> <span class='ocrx_word' id='word_1_101' title='bbox 206 1288 383 1330; x_wconf 84' lang='grc' dir='ltr'>δέσποιν’</span> <span class='ocrx_word' id='word_1_102' title='bbox 411 1287 572 1335; x_wconf 81' lang='grc' dir='ltr'>Ἀθάνα,</span> <span class='ocrx_word' id='word_1_103' title='bbox 603 1288 831 1342; x_wconf 87' lang='grc' dir='ltr'>φθέγματος</span> <span class='ocrx_word' id='word_1_104' title='bbox 857 1291 932 1341; x_wconf 79' lang='grc' dir='ltr'>γὰρ</span> <span class='ocrx_word' id='word_1_105' title='bbox 955 1289 1135 1346; x_wconf 79' lang='grc' dir='ltr'>ᾐσθόμην</span> 
     </span>
     <span class='ocr_line' id='line_1_19' title="bbox 210 1355 1080 1409; baseline 0.002 -15"><span class='ocrx_word' id='word_1_106' title='bbox 210 1359 279 1395; x_wconf 82' lang='grc' dir='ltr'>τοῦ</span> <span class='ocrx_word' id='word_1_107' title='bbox 303 1359 376 1395; x_wconf 77' lang='grc' dir='ltr'>σοῦ</span> <span class='ocrx_word' id='word_1_108' title='bbox 402 1355 551 1407; x_wconf 86' lang='grc' dir='ltr'>συνήθη</span> <span class='ocrx_word' id='word_1_109' title='bbox 580 1358 715 1407; x_wconf 86' lang='grc' dir='ltr'>γῆρυν·</span> <span class='ocrx_word' id='word_1_110' title='bbox 753 1357 795 1396; x_wconf 79' lang='grc' dir='ltr'>ἐν</span> <span class='ocrx_word' id='word_1_111' title='bbox 821 1356 980 1396; x_wconf 90' lang='grc' dir='ltr'>πόνοισι</span> <span class='ocrx_word' id='word_1_112' title='bbox 1005 1357 1080 1409; x_wconf 80' lang='grc' dir='ltr'>γὰρ</span> 
     </span>
     <span class='ocr_line' id='line_1_20' title="bbox 210 1421 1435 1473; baseline 0.002 -12"><span class='ocrx_word' id='word_1_113' title='bbox 210 1421 375 1473; x_wconf 84' lang='grc' dir='ltr'>παροῦσ’</span> <span class='ocrx_word' id='word_1_114' title='bbox 403 1422 560 1473; x_wconf 82' lang='grc' dir='ltr'>ἀμύνεις</span> <span class='ocrx_word' id='word_1_115' title='bbox 587 1425 668 1464; x_wconf 82' lang='grc' dir='ltr'>τοῖς</span> <span class='ocrx_word' id='word_1_116' title='bbox 694 1423 802 1473; x_wconf 83' lang='grc' dir='ltr'>ἐμοῖς</span> <span class='ocrx_word' id='word_1_117' title='bbox 827 1423 891 1463; x_wconf 85' lang='grc' dir='ltr'>ἀεί</span> <span class='ocrx_word' id='word_1_118' title='bbox 913 1439 1022 1463; x_wconf 89' lang='grc' dir='ltr'>ποτε·</span> <span class='ocrx_word' id='word_1_119' title='bbox 1371 1425 1435 1457; x_wconf 84' lang='grc' dir='ltr'>6ῐο</span> 
     </span>
     <span class='ocr_line' id='line_1_21' title="bbox 208 1487 1216 1541; baseline 0.001 -14"><span class='ocrx_word' id='word_1_120' title='bbox 208 1487 278 1528; x_wconf 86' lang='grc' dir='ltr'>τὸν</span> <span class='ocrx_word' id='word_1_121' title='bbox 302 1488 423 1540; x_wconf 81' lang='grc' dir='ltr'>ἄνδρα</span> <span class='ocrx_word' id='word_1_122' title='bbox 446 1487 478 1528; x_wconf 80' lang='grc' dir='ltr'>δ’</span> <span class='ocrx_word' id='word_1_123' title='bbox 506 1488 610 1538; x_wconf 82' lang='grc' dir='ltr'>ἡμῖν,</span> <span class='ocrx_word' id='word_1_124' title='bbox 639 1492 714 1528; x_wconf 87' lang='grc' dir='ltr'>ποῦ</span> <span class='ocrx_word' id='word_1_125' title='bbox 739 1489 1016 1539; x_wconf 83' lang='grc' dir='ltr'>κατηύνασται,</span> <span class='ocrx_word' id='word_1_126' title='bbox 1045 1487 1216 1541; x_wconf 81' lang='grc' dir='ltr'>φράσον·</span> 
     </span>
     <span class='ocr_line' id='line_1_22' title="bbox 211 1553 1121 1606; baseline 0.001 -12"><span class='ocrx_word' id='word_1_127' title='bbox 211 1555 337 1595; x_wconf 89' lang='grc' dir='ltr'>πόθεν</span> <span class='ocrx_word' id='word_1_128' title='bbox 362 1554 545 1595; x_wconf 86' lang='grc' dir='ltr'>τέτακται</span> <span class='ocrx_word' id='word_1_129' title='bbox 572 1553 783 1606; x_wconf 80' lang='grc' dir='ltr'>βαρβάρου</span> <span class='ocrx_word' id='word_1_130' title='bbox 809 1555 1121 1606; x_wconf 87' lang='grc' dir='ltr'>στρατεύματος;</span> 
     </span>
     <span class='ocr_line' id='line_1_23' title="bbox 112 1619 1152 1675; baseline 0.001 -16"><span class='ocrx_word' id='word_1_131' title='bbox 112 1622 184 1660; x_wconf 89' lang='grc' dir='ltr'>Αθ.</span> <span class='ocrx_word' id='word_1_132' title='bbox 211 1620 267 1660; x_wconf 83' lang='grc' dir='ltr'>ὅδ’</span> <span class='ocrx_word' id='word_1_133' title='bbox 295 1620 412 1673; x_wconf 83' lang='grc' dir='ltr'>ἐγγὺς</span> <span class='ocrx_word' id='word_1_134' title='bbox 436 1620 557 1670; x_wconf 83' lang='grc' dir='ltr'>ἧσται</span> <span class='ocrx_word' id='word_1_135' title='bbox 585 1620 653 1660; x_wconf 84' lang='grc' dir='ltr'>κού</span> <span class='ocrx_word' id='word_1_136' title='bbox 678 1619 962 1672; x_wconf 89' lang='grc' dir='ltr'>συνήθροισται</span> <span class='ocrx_word' id='word_1_137' title='bbox 988 1621 1152 1675; x_wconf 76' lang='grc' dir='ltr'>στρατῷ,</span> 
     </span>
     <span class='ocr_line' id='line_1_24' title="bbox 212 1685 1030 1737; baseline 0.001 -11"><span class='ocrx_word' id='word_1_138' title='bbox 212 1686 304 1726; x_wconf 79' lang='grc' dir='ltr'>ἀλλ’</span> <span class='ocrx_word' id='word_1_139' title='bbox 330 1686 441 1729; x_wconf 88' lang='grc' dir='ltr'>ε’κτὸς</span> <span class='ocrx_word' id='word_1_140' title='bbox 465 1686 583 1727; x_wconf 81' lang='grc' dir='ltr'>αὐτὸν</span> <span class='ocrx_word' id='word_1_141' title='bbox 609 1685 759 1736; x_wconf 81' lang='grc' dir='ltr'>τάξεων</span> <span class='ocrx_word' id='word_1_142' title='bbox 787 1687 1030 1737; x_wconf 87' lang='grc' dir='ltr'>κατηύνασεν</span> 
     </span>
     <span class='ocr_line' id='line_1_25' title="bbox 205 1751 1433 1805; baseline 0.002 -13"><span class='ocrx_word' id='word_1_143' title='bbox 205 1751 374 1804; x_wconf 86' lang='grc' dir='ltr'>Ἕκτωρ,</span> <span class='ocrx_word' id='word_1_144' title='bbox 403 1754 475 1795; x_wconf 82' lang='grc' dir='ltr'>ἕως</span> <span class='ocrx_word' id='word_1_145' title='bbox 500 1752 548 1793; x_wconf 80' lang='grc' dir='ltr'>ἂν</span> <span class='ocrx_word' id='word_1_146' title='bbox 574 1752 647 1803; x_wconf 78' lang='grc' dir='ltr'>νὺξ</span> <span class='ocrx_word' id='word_1_147' title='bbox 670 1754 887 1805; x_wconf 79' lang='grc' dir='ltr'>ἀμείψηται</span> <span class='ocrx_word' id='word_1_148' title='bbox 913 1751 1027 1804; x_wconf 86' lang='grc' dir='ltr'>φάος.</span> <span class='ocrx_word' id='word_1_149' title='bbox 1370 1756 1433 1795; x_wconf 83' lang='lat'>615</span> 
     </span>
     <span class='ocr_line' id='line_1_26' title="bbox 211 1817 1044 1875; baseline 0.001 -16"><span class='ocrx_word' id='word_1_150' title='bbox 211 1817 336 1861; x_wconf 87' lang='grc' dir='ltr'>πέλας</span> <span class='ocrx_word' id='word_1_151' title='bbox 361 1821 403 1860; x_wconf 86' lang='grc' dir='ltr'>δὲ</span> <span class='ocrx_word' id='word_1_152' title='bbox 428 1822 556 1860; x_wconf 85' lang='grc' dir='ltr'>πῶλοι</span> <span class='ocrx_word' id='word_1_153' title='bbox 581 1820 766 1875; x_wconf 84' lang='grc' dir='ltr'>Θρῃκίων</span> <span class='ocrx_word' id='word_1_154' title='bbox 794 1818 839 1869; x_wconf 80' lang='grc' dir='ltr'>ἐξ</span> <span class='ocrx_word' id='word_1_155' title='bbox 860 1818 1044 1872; x_wconf 85' lang='grc' dir='ltr'>ἁρμάτων</span> 
     </span>
     <span class='ocr_line' id='line_1_27' title="bbox 212 1884 1101 1941; baseline 0.001 -16"><span class='ocrx_word' id='word_1_156' title='bbox 212 1886 347 1926; x_wconf 86' lang='grc' dir='ltr'>λευκαὶ</span> <span class='ocrx_word' id='word_1_157' title='bbox 373 1884 564 1931; x_wconf 86' lang='grc' dir='ltr'>δέδενται,</span> <span class='ocrx_word' id='word_1_158' title='bbox 593 1889 819 1938; x_wconf 86' lang='grc' dir='ltr'>διαπρεπεῖς</span> <span class='ocrx_word' id='word_1_159' title='bbox 845 1887 888 1926; x_wconf 83' lang='grc' dir='ltr'>ἐν</span> <span class='ocrx_word' id='word_1_160' title='bbox 914 1885 1101 1941; x_wconf 81' lang='grc' dir='ltr'>εὐφρόνῃ·</span> 
     </span>
     <span class='ocr_line' id='line_1_28' title="bbox 212 1951 1187 2004; baseline 0.002 -14"><span class='ocrx_word' id='word_1_161' title='bbox 212 1952 430 2002; x_wconf 85' lang='grc' dir='ltr'>στίλβουσι</span> <span class='ocrx_word' id='word_1_162' title='bbox 456 1951 489 1992; x_wconf 84' lang='grc' dir='ltr'>δ’</span> <span class='ocrx_word' id='word_1_163' title='bbox 515 1952 620 1993; x_wconf 86' lang='grc' dir='ltr'>ὥστε</span> <span class='ocrx_word' id='word_1_164' title='bbox 645 1952 838 2002; x_wconf 90' lang='grc' dir='ltr'>ποταμίου</span> <span class='ocrx_word' id='word_1_165' title='bbox 865 1952 1004 1993; x_wconf 86' lang='grc' dir='ltr'>κύκνου</span> <span class='ocrx_word' id='word_1_166' title='bbox 1031 1953 1187 2004; x_wconf 82' lang='grc' dir='ltr'>πτερόν.</span> 
     </span>
    </p>
   </div>
   <div class='ocr_carea' id='block_1_3' title="bbox 110 2043 1477 2128">
    <p class='ocr_par' dir='ltr' id='par_1_3' title="bbox 110 2043 1477 2128">
     <span class='ocr_line' id='line_1_29' title="bbox 153 2043 1434 2084; baseline -0.001 -9"><span class='ocrx_word' id='word_1_167' title='bbox 153 2051 217 2082; x_wconf 88' lang='lat'>594</span> <span class='ocrx_word' id='word_1_168' title='bbox 235 2050 284 2075; x_wconf 91' lang='grc' dir='ltr'>Δι.</span> <span class='ocrx_word' id='word_1_169' title='bbox 299 2047 411 2074; x_wconf 81' lang='lat' dir='ltr'>notam</span> <span class='ocrx_word' id='word_1_170' title='bbox 424 2053 487 2074; x_wconf 91' lang='lat' dir='ltr'>om.</span> <span class='ocrx_word' id='word_1_171' title='bbox 501 2043 538 2083; x_wconf 88' lang='lat' dir='ltr'>L,</span> <span class='ocrx_word' id='word_1_172' title='bbox 551 2043 691 2074; x_wconf 83' lang='lat' dir='ltr'>sortasse</span> <span class='ocrx_word' id='word_1_173' title='bbox 703 2048 814 2075; x_wconf 83' lang='lat' dir='ltr'><strong>recte:</strong></span> <span class='ocrx_word' id='word_1_174' title='bbox 832 2044 909 2075; x_wconf 86' lang='lat' dir='ltr'>vide</span> <span class='ocrx_word' id='word_1_175' title='bbox 920 2044 1075 2084; x_wconf 85' lang='lat' dir='ltr'>proxima</span> <span class='ocrx_word' id='word_1_176' title='bbox 1145 2044 1261 2075; x_wconf 79' lang='grc' dir='ltr'>πείθεις</span> <span class='ocrx_word' id='word_1_177' title='bbox 1272 2043 1434 2074; x_wconf 84' lang='lat' dir='ltr'>Wilamo-</span> 
     </span>
     <span class='ocr_line' id='line_1_30' title="bbox 110 2086 1477 2128; baseline 0.001 -13"><span class='ocrx_word' id='word_1_178' title='bbox 110 2086 208 2117; x_wconf 87' lang='lat' dir='ltr'>witz:</span> <span class='ocrx_word' id='word_1_179' title='bbox 234 2087 343 2118; x_wconf 86' lang='grc' dir='ltr'>πείθου</span> <span class='ocrx_word' id='word_1_180' title='bbox 359 2087 472 2126; x_wconf 90' lang='lat' dir='ltr'>codd.,</span> <span class='ocrx_word' id='word_1_181' title='bbox 489 2088 578 2126; x_wconf 90' lang='lat' dir='ltr'>quod</span> <span class='ocrx_word' id='word_1_182' title='bbox 596 2087 623 2117; x_wconf 86' lang='lat' dir='ltr'>si</span> <span class='ocrx_word' id='word_1_183' title='bbox 640 2097 769 2126; x_wconf 88' lang='lat' dir='ltr'>verum,</span> <span class='ocrx_word' id='word_1_184' title='bbox 789 2087 909 2118; x_wconf 86' lang='lat' dir='ltr'>Ulixes</span> <span class='ocrx_word' id='word_1_185' title='bbox 926 2087 1075 2126; x_wconf 86' lang='lat' dir='ltr'><strong>quuitur</strong></span> <span class='ocrx_word' id='word_1_186' title='bbox 1186 2090 1301 2128; x_wconf 83' lang='grc' dir='ltr'>τυχεῖν</span> <span class='ocrx_word' id='word_1_187' title='bbox 1324 2088 1349 2117; x_wconf 93' lang='lat' dir='ltr'>L</span> <span class='ocrx_word' id='word_1_188' title='bbox 1362 2086 1387 2117; x_wconf 92' lang='lat' dir='ltr'>P</span> <span class='ocrx_word' id='word_1_189' title='bbox 1403 2093 1436 2118; x_wconf 82' lang='lat' dir='ltr'>et</span> <span class='ocrx_word' id='word_1_190' title='bbox 1470 2116 1477 2124; x_wconf 87' lang='grc'>,</span> 
     </span>
    </p>
   </div>
   <div class='ocr_carea' id='block_1_4' title="bbox 110 2128 1437 2300">
    <p class='ocr_par' dir='ltr' id='par_1_4' title="bbox 110 2128 1437 2300">
     <span class='ocr_line' id='line_1_31' title="bbox 112 2128 1434 2170; baseline 0.002 -11"><span class='ocrx_word' id='word_1_191' title='bbox 112 2128 190 2160; x_wconf 80' lang='lat' dir='ltr'>Chr.</span> <span class='ocrx_word' id='word_1_192' title='bbox 209 2128 280 2160; x_wconf 86' lang='lat' dir='ltr'><strong>Pat.</strong></span> <span class='ocrx_word' id='word_1_193' title='bbox 297 2140 393 2169; x_wconf 87' lang='lat'>2009,</span> <span class='ocrx_word' id='word_1_194' title='bbox 412 2131 516 2168; x_wconf 82' lang='lat'>2038:</span> <span class='ocrx_word' id='word_1_195' title='bbox 542 2129 627 2170; x_wconf 81' lang='grc' dir='ltr'>τύχη</span> <span class='ocrx_word' id='word_1_196' title='bbox 647 2129 706 2170; x_wconf 88' lang='lat' dir='ltr'>(V)</span> <span class='ocrx_word' id='word_1_197' title='bbox 798 2140 861 2169; x_wconf 84' lang='lat'>595</span> <span class='ocrx_word' id='word_1_198' title='bbox 886 2130 1039 2162; x_wconf 83' lang='grc' dir='ltr'>λιπόντες</span> <span class='ocrx_word' id='word_1_199' title='bbox 1057 2130 1083 2160; x_wconf 91' lang='lat' dir='ltr'>L</span> <span class='ocrx_word' id='word_1_200' title='bbox 1095 2128 1210 2170; x_wconf 67' lang='lat' dir='ltr'>P&lt;V):</span> <span class='ocrx_word' id='word_1_201' title='bbox 1238 2130 1369 2162; x_wconf 83' lang='grc' dir='ltr'>λιπόντε</span> <span class='ocrx_word' id='word_1_202' title='bbox 1385 2131 1434 2162; x_wconf 88' lang='lat' dir='ltr'>O:</span> 
     </span>
     <span class='ocr_line' id='line_1_32' title="bbox 110 2172 1437 2214; baseline 0.001 -10"><span class='ocrx_word' id='word_1_203' title='bbox 110 2172 273 2209; x_wconf 85' lang='grc' dir='ltr'>βλέποντε</span> <span class='ocrx_word' id='word_1_204' title='bbox 290 2172 470 2203; x_wconf 80' lang='lat' dir='ltr'>Wecklein</span> <span class='ocrx_word' id='word_1_205' title='bbox 605 2174 670 2212; x_wconf 83' lang='lat'>596</span> <span class='ocrx_word' id='word_1_206' title='bbox 693 2172 891 2214; x_wconf 82' lang='grc' dir='ltr'>δεδηγμένον</span> <span class='ocrx_word' id='word_1_207' title='bbox 907 2173 967 2214; x_wconf 78' lang='lat' dir='ltr'>(V)</span> <span class='ocrx_word' id='word_1_208' title='bbox 1090 2174 1156 2204; x_wconf 89' lang='lat'>600</span> <span class='ocrx_word' id='word_1_209' title='bbox 1178 2174 1268 2212; x_wconf 77' lang='grc' dir='ltr'>τήνδ’</span> <span class='ocrx_word' id='word_1_210' title='bbox 1286 2174 1414 2204; x_wconf 81' lang='lat' dir='ltr'>Reiske</span> <span class='ocrx_word' id='word_1_211' title='bbox 1430 2186 1437 2205; x_wconf 73' lang='grc' dir='ltr'>ε</span> 
     </span>
     <span class='ocr_line' id='line_1_33' title="bbox 110 2214 1437 2270; baseline 0.001 -24"><span class='ocrx_word' id='word_1_212' title='bbox 110 2217 171 2253; x_wconf 81' lang='grc' dir='ltr'>τὴν</span> <span class='ocrx_word' id='word_1_213' title='bbox 198 2215 296 2246; x_wconf 91' lang='lat' dir='ltr'>codd.</span> <span class='ocrx_word' id='word_1_214' title='bbox 433 2214 578 2270; x_wconf 68' lang='grc' dir='ltr'>ἐπαύριον</span> <span class='ocrx_word' id='word_1_215' title='bbox 603 2216 663 2256; x_wconf 83' lang='lat' dir='ltr'>(V)</span> <span class='ocrx_word' id='word_1_216' title='bbox 845 2218 922 2247; x_wconf 89' lang='lat'>601.</span> <span class='ocrx_word' id='word_1_217' title='bbox 942 2218 1017 2249; x_wconf 76' lang='grc' dir='ltr'>οὔτε</span> <span class='ocrx_word' id='word_1_218' title='bbox 1049 2216 1075 2247; x_wconf 90' lang='lat' dir='ltr'>L</span> <span class='ocrx_word' id='word_1_219' title='bbox 1090 2216 1134 2248; x_wconf 93' lang='lat' dir='ltr'>P:</span> <span class='ocrx_word' id='word_1_220' title='bbox 1170 2218 1236 2248; x_wconf 74' lang='grc' dir='ltr'>οὔτ’</span> <span class='ocrx_word' id='word_1_221' title='bbox 1267 2218 1304 2248; x_wconf 80' lang='grc' dir='ltr'>ἅν</span> <span class='ocrx_word' id='word_1_222' title='bbox 1332 2216 1362 2247; x_wconf 90' lang='lat' dir='ltr'>O</span> <span class='ocrx_word' id='word_1_223' title='bbox 1378 2217 1437 2257; x_wconf 74' lang='lat' dir='ltr'>(V)</span> 
     </span>
     <span class='ocr_line' id='line_1_34' title="bbox 112 2257 1437 2300; baseline 0.002 -11"><span class='ocrx_word' id='word_1_224' title='bbox 112 2258 268 2298; x_wconf 84' lang='grc' dir='ltr'>ἄχιλλεὺς</span> <span class='ocrx_word' id='word_1_225' title='bbox 286 2257 345 2300; x_wconf 84' lang='lat' dir='ltr'>(V)</span> <span class='ocrx_word' id='word_1_226' title='bbox 360 2270 366 2290; x_wconf 90' lang='lat'>:</span> <span class='ocrx_word' id='word_1_227' title='bbox 392 2259 553 2300; x_wconf 84' lang='grc' dir='ltr'>ἆχιλλεως</span> <span class='ocrx_word' id='word_1_228' title='bbox 572 2258 602 2289; x_wconf 94' lang='lat' dir='ltr'>O</span> <span class='ocrx_word' id='word_1_229' title='bbox 616 2259 642 2289; x_wconf 90' lang='lat' dir='ltr'>L</span> <span class='ocrx_word' id='word_1_230' title='bbox 654 2258 680 2289; x_wconf 90' lang='lat' dir='ltr'>P</span> <span class='ocrx_word' id='word_1_231' title='bbox 811 2260 875 2290; x_wconf 85' lang='lat'>602</span> <span class='ocrx_word' id='word_1_232' title='bbox 898 2261 941 2299; x_wconf 81' lang='grc' dir='ltr'>μὴ</span> <span class='ocrx_word' id='word_1_233' title='bbox 959 2261 993 2291; x_wconf 79' lang='grc' dir='ltr'>οὐ</span> <span class='ocrx_word' id='word_1_234' title='bbox 1014 2259 1133 2291; x_wconf 84' lang='lat' dir='ltr'>Nauck</span> <span class='ocrx_word' id='word_1_235' title='bbox 1256 2261 1319 2298; x_wconf 91' lang='lat'>607</span> <span class='ocrx_word' id='word_1_236' title='bbox 1346 2260 1437 2292; x_wconf 84' lang='grc' dir='ltr'>ἔσται</span> 
     </span>
    </p>
   </div>
   <div class='ocr_carea' id='block_1_5' title="bbox 112 2301 1438 2431">
    <p class='ocr_par' dir='ltr' id='par_1_5' title="bbox 112 2301 1438 2431">
     <span class='ocr_line' id='line_1_35' title="bbox 114 2301 1438 2342; baseline 0.005 -12"><span class='ocrx_word' id='word_1_237' title='bbox 114 2301 140 2330; x_wconf 93' lang='lat' dir='ltr'>L</span> <span class='ocrx_word' id='word_1_238' title='bbox 153 2301 177 2331; x_wconf 88' lang='grc' dir='ltr'><em>Ρ</em></span> <span class='ocrx_word' id='word_1_239' title='bbox 189 2301 238 2332; x_wconf 87' lang='lat' dir='ltr'>O:</span> <span class='ocrx_word' id='word_1_240' title='bbox 265 2302 334 2339; x_wconf 78' lang='grc' dir='ltr'>ἥκει</span> <span class='ocrx_word' id='word_1_241' title='bbox 353 2301 411 2340; x_wconf 81' lang='lat' dir='ltr'>(V)</span> <span class='ocrx_word' id='word_1_242' title='bbox 563 2302 628 2332; x_wconf 85' lang='lat'>608</span> <span class='ocrx_word' id='word_1_243' title='bbox 651 2311 817 2342; x_wconf 82' lang='lat' dir='ltr'>personae</span> <span class='ocrx_word' id='word_1_244' title='bbox 835 2307 949 2334; x_wconf 86' lang='lat' dir='ltr'>notam</span> <span class='ocrx_word' id='word_1_245' title='bbox 966 2312 1046 2342; x_wconf 61' lang='lat' dir='ltr'>orn„</span> <span class='ocrx_word' id='word_1_246' title='bbox 1065 2303 1097 2333; x_wconf 89' lang='lat' dir='ltr'>in</span> <span class='ocrx_word' id='word_1_247' title='bbox 1115 2303 1266 2342; x_wconf 85' lang='lat' dir='ltr'>margine</span> <span class='ocrx_word' id='word_1_248' title='bbox 1284 2303 1438 2336; x_wconf 79' lang='grc' dir='ltr'>ὀδυσσεὺς</span> 
     </span>
     <span class='ocr_line' id='line_1_36' title="bbox 112 2345 1438 2387; baseline 0.003 -12"><span class='ocrx_word' id='word_1_249' title='bbox 112 2346 161 2376; x_wconf 84' lang='grc' dir='ltr'>καὶ</span> <span class='ocrx_word' id='word_1_250' title='bbox 177 2346 326 2385; x_wconf 75' lang='grc' dir='ltr'>διομήδης</span> <span class='ocrx_word' id='word_1_251' title='bbox 338 2345 430 2376; x_wconf 87' lang='lat' dir='ltr'>addit</span> <span class='ocrx_word' id='word_1_252' title='bbox 445 2345 475 2375; x_wconf 94' lang='lat' dir='ltr'>O</span> <span class='ocrx_word' id='word_1_253' title='bbox 563 2346 628 2384; x_wconf 89' lang='lat'>609</span> <span class='ocrx_word' id='word_1_254' title='bbox 646 2347 766 2384; x_wconf 79' lang='grc' dir='ltr'>συνήθη</span> <span class='ocrx_word' id='word_1_255' title='bbox 782 2346 807 2376; x_wconf 90' lang='lat' dir='ltr'>L</span> <span class='ocrx_word' id='word_1_256' title='bbox 820 2346 860 2379; x_wconf 86' lang='lat' dir='ltr'>P:</span> <span class='ocrx_word' id='word_1_257' title='bbox 884 2347 1036 2385; x_wconf 80' lang='grc' dir='ltr'>συνήθους</span> <span class='ocrx_word' id='word_1_258' title='bbox 1050 2346 1079 2377; x_wconf 95' lang='lat' dir='ltr'>O</span> <span class='ocrx_word' id='word_1_259' title='bbox 1093 2346 1152 2387; x_wconf 80' lang='lat' dir='ltr'>(V)</span> <span class='ocrx_word' id='word_1_260' title='bbox 1243 2348 1303 2384; x_wconf 81' lang='lat'>614</span> <span class='ocrx_word' id='word_1_261' title='bbox 1322 2346 1438 2387; x_wconf 79' lang='grc' dir='ltr'>τάξεως</span> 
     </span>
     <span class='ocr_line' id='line_1_37' title="bbox 114 2387 781 2431; baseline 0.004 -15"><span class='ocrx_word' id='word_1_262' title='bbox 114 2387 145 2416; x_wconf 91' lang='grc' dir='ltr'>Ο</span> <span class='ocrx_word' id='word_1_263' title='bbox 294 2389 359 2418; x_wconf 83' lang='lat'>618</span> <span class='ocrx_word' id='word_1_264' title='bbox 384 2389 580 2426; x_wconf 81' lang='grc' dir='ltr'>στίλβουσιν</span> <span class='ocrx_word' id='word_1_265' title='bbox 597 2390 704 2430; x_wconf 77' lang='grc' dir='ltr'>ὥσπερ</span> <span class='ocrx_word' id='word_1_266' title='bbox 722 2389 781 2431; x_wconf 76' lang='lat' dir='ltr'>(V)</span> 
     </span>
    </p>
   </div>
  </div>
 </body>
</html>
