1658 2740
709 132 824 170 ΕΛΕ
838 133 870 169 Ν
884 132 918 169 Η

154 241 226 279 Θε.
253 237 282 279 ὦ
309 236 410 288 ξένε,
438 238 572 290 λόγων
597 239 669 289 μὲν
695 237 852 287 κληδόν’
877 236 1042 288 ἤνεγκας
1068 237 1204 287 φίλην.
1395 248 1477 279 1250

155 308 231 346 Με.
253 305 391 346 οὔκουν
419 307 569 359 ἐμαυτῷ
596 304 633 357 γ’
659 304 746 344 οὐδὲ
771 307 824 358 τῷ
849 303 1064 353 τεθνηκότι.

154 373 226 412 Θε.
253 376 335 414 πῶς
359 372 448 414 τοὺς
475 372 665 413 θανόντας
691 369 850 411 θάπτετ’
876 371 918 410 ἐν
943 370 1072 424 πόντῳ
1099 371 1273 421 νεκρούς;

154 441 230 478 Με.
253 438 303 480 ὡς
327 437 375 479 ἂν
400 438 602 491 παρούσης
627 437 763 479 οὐσίας
789 437 955 478 ἕκαστος
978 435 1015 492 ᾗ.

154 507 225 545 Θε.
253 506 425 545 πλούτου
449 504 537 557 λέγ’
563 503 694 557 οὕνεχ’
719 504 741 544 ὅ
765 520 802 544 τι
828 503 955 545 θέλεις
980 504 1121 552 ταύτης
1145 501 1274 556 χάριν.

154 574 230 611 Me.
252 570 525 623 προσφάζεται
549 573 621 621 μὲν
647 570 742 621 αἷμα
767 573 901 622 πρῶτα
925 570 1131 622 νερτέροις.
1394 582 1474 613 1255

155 640 226 678 Θε.
253 638 376 683 τίνος;
404 638 456 677 σύ
481 654 546 688 μοι
572 635 753 688 σήμαινε,
780 638 971 687 πείσομαι
994 636 1026 676 δ’
1052 637 1142 688 ἐγώ.

155 707 231 744 Me.
253 703 367 746 αὐτὸς
392 703 442 744 σὺ
467 701 673 756 γίγνωσκ’·
713 703 871 755 ἀρκέσει
896 705 969 755 γὰρ
996 703 1043 743 ἂν
1068 705 1193 757 διδῷς.

154 774 227 810 Θε.
255 772 296 810 ἐν
321 769 544 822 βαρβάροις
567 773 639 822 μὲν
664 771 786 812 ἵππον
811 767 833 820 ἢ
859 774 1000 822 ταῦρον
1027 770 1156 820 νόμος.

156 840 231 877 Me.
253 837 381 879 διδούς
406 854 451 889 γε
475 839 548 887 μὲν
573 837 618 887 δὴ
647 839 834 889 δυσγενὲς
857 838 979 887 μηδὲν
1005 838 1123 877 δίδου.

155 906 228 943 Θε.
256 903 301 943 οὐ
325 903 436 943 τῶνδ’
463 904 504 944 ἐν
530 903 694 956 ἀγέλαις
719 905 879 954 ὀλβίαις
904 903 1158 953 σπανίζομεν.
1312 918 1317 923 ·
1397 905 1478 937 1260

156 972 230 1009 λῘε.
254 969 314 1009 καὶ
340 971 496 1021 στρωτὰ
523 969 684 1022 φέρεται
710 969 856 1022 λέκτρα
882 970 1064 1020 σώματος
1091 968 1193 1009 κενά.

156 1039 227 1076 Θε.
254 1035 381 1076 ἔσται·
421 1037 463 1076 τί
484 1035 516 1076 δ’
541 1036 644 1076 ἄλλο
670 1035 915 1088 προσφέρειν
939 1036 1153 1086 νομίζεται;

156 1105 232 1142 Με.
252 1100 476 1155 χαλκήλαθ’
502 1103 619 1142 ὅπλα·
662 1102 725 1142 καὶ
750 1103 824 1154 γὰρ
850 1101 897 1151 ἦν
922 1102 1041 1154 φίλος
1067 1104 1162 1153 δορί.

155 1171 228 1209 Θε.
255 1167 345 1219 ἄξια
370 1168 452 1209 τάδ’
479 1168 594 1209 ἔσται
620 1171 859 1220 Πελοπιδῷν
885 1168 909 1208 ἃ
934 1169 1127 1218 δώσομεν.

155 1238 230 1276 Me.
256 1235 318 1276 καὶ
341 1234 456 1276 τᾶλλ’
481 1236 560 1276 ὅσα
584 1235 693 1289 χθὼν
720 1237 822 1275 καλὰ
846 1234 959 1287 φέρει
981 1233 1261 1286 βλαστήματα.
1396 1238 1475 1277 1265

155 1304 226 1343 Θε.
256 1305 337 1344 πῶς
362 1302 449 1349 οῧν;
493 1303 534 1344 ἐς
560 1301 676 1353 οἶδμα
700 1302 775 1342 τίνι
800 1301 929 1356 τρόπῳ
957 1301 1128 1347 mestre,-

155 1371 231 1409 Με.
252 1371 346 1410 ναῦν
373 1371 432 1409 δεῖ
453 1372 636 1421 παρεῖναι
662 1369 862 1420 κάρετμῶν
886 1367 1113 1410 ἐπιστάτας.

155 1437 227 1477 Θε.
255 1435 384 1477 πόσον
410 1435 443 1475 δ’
472 1435 651 1487 ἀπείργει
675 1438 797 1486 μῆκος
824 1436 866 1475 ἐκ
891 1436 1006 1487 γαίας
1031 1435 1142 1487 δόρυς

155 1505 232 1542 Με.
253 1501 350 1541 ὥστ’
376 1500 590 1554 ἐξορᾶσθαι
615 1502 728 1554 ῥόθια
752 1502 946 1555 χερσόθεν
969 1502 1096 1553 μόλις.

154 1571 226 1609 Θε.
257 1567 299 1609 τί
321 1568 386 1620 δή;
427 1568 506 1609 τόδ’
531 1567 682 1611 Ἑλλὰς
708 1569 871 1620 νόμιμον
896 1569 938 1608 ἐκ
961 1568 1067 1610 τίνος
1094 1565 1228 1618 σέβει;
1394 1578 1476 1609 1270

155 1638 232 1675 Με.
254 1635 306 1678 ὡς
331 1635 383 1687 μὴ
409 1634 530 1676 πάλιν
555 1640 606 1693 γῇ
631 1634 772 1685 λύματ’
797 1634 951 1690 ἐκβάλῃ
979 1635 1144 1675 κλύδων.

155 1704 227 1742 Θε.
255 1703 459 1744 Φοίνισσα
484 1702 591 1752 κώπη
623 1701 846 1755 ταχύπορος
869 1699 1093 1752 γενήσεται.

155 1770 232 1808 Με.
255 1771 384 1810 καλῶς
407 1767 456 1809 ἂν
481 1769 539 1818 εἴη
567 1766 758 1822 Μενέλεῴ
783 1784 825 1808 τε
850 1766 946 1819 πρὸς
970 1766 1098 1820 χάριν.

157 1836 228 1875 Θε.
256 1834 395 1874 οὔκουν
420 1834 470 1874 σὺ
494 1834 614 1887 χωρὶς
639 1836 761 1884 τῆσδε
786 1837 886 1886 δρῶν
911 1834 1040 1885 ἀρκεῖς
1064 1832 1173 1878 τάδε;

156 1903 234 1941 Με.
253 1900 399 1953 μητρὸς
423 1899 502 1940 τόδ’
528 1899 644 1952 ἔργον
670 1897 694 1950 ἢ
719 1903 901 1952 γυναικὸς
926 1896 949 1949 ἢ
975 1898 1134 1939 τέκνων.
1397 1910 1475 1940 1275

157 1969 230 2007 Θε.
258 1967 398 2017 ταύτης
424 1967 445 2005 ὁ
468 1967 630 2019 μόχθος,
659 1966 710 2008 ὡς
734 1966 878 2018 λέγεις,
906 1965 1069 2006 θάπτειν
1093 1966 1225 2005 πόσιν.

202 2067 281 2097 1251
309 2057 465 2095 Menelai,
504 2067 584 2096 1252
618 2056 862 2095 Theoclymeni
896 2061 993 2086 notas
1029 2055 1132 2095 praef.
1163 2056 1196 2092 L,
1225 2065 1292 2085 non
1325 2059 1360 2085 ut
1390 2054 1478 2085 solet

156 2103 408 2141 paragraphos:
433 2100 474 2132 cf.
486 2101 527 2131 ad
545 2110 625 2132 1201
720 2109 801 2138 1255
827 2100 1043 2140 προσφάζεται
1057 2099 1083 2129 Ρ
1175 2108 1255 2137 1257
1281 2097 1427 2139 ἀρκέσει.
1446 2121 1453 2129 .
1472 2122 1478 2128 .

156 2147 247 2186 διδῷς
267 2145 397 2175 Barnes
413 2155 418 2174 :
444 2143 587 2185 ἀρκέσειε
602 2168 609 2175 .
630 2168 636 2174 .
658 2167 665 2174 .
681 2144 771 2176 δίδως
791 2143 816 2173 L
828 2143 875 2172 P:
901 2141 1045 2183 ἀρκέσεις
1059 2165 1066 2172 .
1086 2166 1093 2173 .
1115 2166 1120 2172 .
1136 2144 1226 2174 διδῶς
1238 2146 1263 2182 p
1332 2142 1414 2180 1258
1429 2142 1475 2172 ἵπ-

157 2201 225 2219 πων
240 2189 259 2226 ἢ
276 2188 399 2230 ταύρων
417 2186 443 2216 Ρ
459 2198 465 2217 :
490 2197 573 2219 corr.
590 2192 615 2228 p
722 2196 804 2226 1259
827 2199 866 2226 ’γε
882 2186 994 2224 μέντοι
1013 2185 1131 2216 Nauck
1179 2198 1183 2200 ’
1238 2185 1322 2214 1260
1345 2186 1406 2223 οὐχ
1425 2183 1477 2215 ὧδ’

158 2231 274 2261 Bruhn
366 2231 443 2260 1261
471 2231 602 2272 φέρεται
620 2230 746 2261 Canter
762 2241 768 2260 :
792 2229 907 2270 φέρετε
927 2229 953 2259 L
966 2229 991 2259 P
1092 2229 1173 2267 1263
1197 2228 1394 2269 χαλκήλατα
1413 2227 1438 2257 L
1453 2227 1479 2257 Ρ

161 2276 242 2314 1267
268 2277 342 2307 ναῦν
359 2274 487 2305 Canter
502 2285 508 2304 :
533 2276 588 2306 νῦν
601 2274 626 2303 L
638 2274 664 2304 P
719 2275 770 2304 δεῖ
785 2273 810 2302 L
826 2284 832 2302 ;
850 2273 887 2311 δὴ
908 2271 935 2302 Ρ
994 2273 1045 2303 καὶ
1063 2274 1202 2312 ἐρετμῶν
1220 2271 1264 2302 L:
1284 2272 1335 2303 καὶ
1348 2272 1480 2312 ’ρετμῶν

159 2317 199 2347 L²
211 2318 236 2348 P
370 2318 452 2348 1268
466 2316 567 2349 πόσον
585 2317 612 2347 L
628 2328 634 2347 :
659 2316 754 2348 πόσιν
772 2316 797 2346 Ρ
904 2316 1065 2356 ἀπείργεις
1082 2314 1262 2345 Wecklein
1399 2323 1479 2351 1272

157 2360 339 2402 ταχυπόρος
357 2361 383 2391 L
397 2361 422 2391 P
511 2370 592 2399 1273
611 2374 646 2392 τε
665 2360 811 2390 Reiske:
837 2372 875 2400 γε
896 2359 921 2388 L
934 2359 959 2388 P
1052 2359 1133 2397 1276
1155 2358 1258 2399 μόχος
1276 2357 1321 2388 P:
1347 2367 1432 2388 corr.
1449 2362 1470 2397 p

260 2432 344 2454 EUR.
362 2431 412 2454 111.
1315 2422 1351 2453 4³*
