1658 2740
643 127 990 165 ΕΥΡΙΠΙΔΟΥ

249 232 370 285 φίλος
397 233 470 283 γὰρ
497 231 625 271 ἐλθὼν
648 232 853 281 δυστυχῶς
877 227 1102 281 ἀπέρχεται.

151 301 230 339 Mo.
250 298 318 338 οὐκ
347 298 426 337 εἶσι
449 297 565 349 γαίας
591 298 630 339 ἐς
654 294 904 348 μελάγχιμον
930 293 1062 335 πέδον·

247 363 416 404 τοσόνδε
442 362 618 414 Νύμφην
643 362 715 413 τὴν
740 361 865 413 ἔνερθ’
891 359 1116 412 αἰτήσομαι,

247 432 316 480 τῆς
343 432 584 482 καρποποιοῦ
612 432 732 469 παῖδα
759 427 969 479 Δήμητρος
994 429 1097 472 θεᾶς,

246 495 384 548 ψυχὴν
411 496 564 536 ἀνεῖναι
588 494 706 534 τοῦδ’·
744 493 945 546 ὀφειλέτις
971 493 1013 534 δέ
1035 510 1102 544 μοι
1413 496 1475 534 965
1526 488 1528 490 V

247 562 336 603 τοὺς
360 561 546 614 Ὀρφέως
571 564 729 611 τιμῶσα
754 561 970 613 φαίνεσθαι
996 561 1150 612 φίλους.

249 628 362 679 κάμοὶ
387 630 458 678 μὲν
487 628 537 669 ὡς
565 627 696 667 θανών
720 643 764 667 τε
789 626 856 666 κού
881 626 1067 666 λεύσσων
1094 624 1196 677 φάος

247 694 359 734 ἔσται
383 697 427 734 τὸ
453 694 611 733 λοιπόν·
651 693 696 733 οὐ
720 694 796 745 γὰρ
822 693 861 734 ἐς
886 691 1028 732 ταύτόν
1052 708 1146 732 ποτε

248 759 326 800 οὔτ’
352 760 455 800 εἶσιν
481 760 569 800 οὔτε
597 759 742 811 μητρὸς
767 760 912 811 ὄψεται
936 757 1067 809 δέμας·

247 825 412 878 κρυπτὸς
437 826 469 865 δ’
498 827 539 866 ἐν
567 825 723 878 ἄντροις
748 827 817 875 τῆς
840 824 1064 876 ὑπαργύρου
1086 823 1232 876 χθονὸς
1415 836 1479 867 970

246 893 582 944 ἀνθρωποδαίμων
611 893 787 932 κείσεται
811 890 978 942 ,Βλέπων
1003 890 1119 943 φάος,

247 957 403 1012 Βάκχου
428 957 637 1010 προφήτης
663 958 766 998 ὥστε
793 958 1002 1010 Παγγαίου
1027 956 1173 1009 πέτραν

245 1023 384 1079 ᾤκησε,
412 1028 559 1076 σεμνὸς
586 1028 717 1065 τοῖσιν
744 1024 894 1064 εἰδόσιν
919 1023 1020 1065 θεός.

311 1092 406 1146 ῥᾷον
431 1094 473 1132 δὲ
500 1090 647 1133 πένθος
672 1093 742 1142 τῆς
768 1091 994 1132 θαλασσίας
1021 1092 1109 1130 θεοῦ

245 1160 357 1199 οἴσω·
397 1161 529 1199 θανεῖν
557 1159 633 1210 γὰρ
660 1158 723 1198 καὶ
749 1160 816 1197 τὸν
842 1158 883 1197 ἐκ
911 1157 1038 1206 κείνης
1062 1156 1202 1209 χρεών.
1416 1167 1477 1200 975

245 1223 401 1276 θρήνοις
427 1224 458 1265 δ’
486 1225 662 1275 ἀδελφαὶ
689 1227 824 1273 πηῶτα
848 1226 920 1274 μὲν
946 1225 993 1263 σὲ
1017 1221 1254 1273 ὑμνήσομεν,

245 1290 364 1331 ἔπειτ’
390 1290 587 1344 Ἀχιλλέα
617 1289 785 1331 Θέτιδος
812 1290 854 1329 ἐν
881 1288 1015 1330 πένθει
1040 1287 1148 1328 ποτέ.

243 1357 288 1397 οὐ
311 1358 474 1409 ῥύσεταί
497 1373 558 1398 νιν
587 1355 772 1402 Παλλάς,
800 1355 825 1406 ἥ
850 1355 888 1395 σ’
913 1353 1145 1396 ἀπέκτανεν·

243 1427 350 1464 τοῖον
376 1423 553 1477 φαρετρα
581 1422 729 1473 Λοξίου
756 1420 870 1477 σῳζει
894 1421 1032 1473 βελος.

310 1488 339 1529 ὠ
364 1490 589 1530 παιδοποιοὶ
621 1489 838 1541 συμφοραί,
866 1489 982 1528 πόνοι
1005 1490 1176 1539 βροτῶν·
1415 1489 1479 1529 980

181 1564 189 1571 '
244 1557 294 1598 ὡς
319 1557 429 1598 ὅστις
453 1557 551 1606 ὑμᾶς
580 1572 632 1605 μη
666 1558 791 1595 κακῶς
817 1554 1031 1606 λογίζεται,

243 1622 359 1664 ἄπαις
384 1622 527 1662 διοίσει
555 1620 623 1661 κού
653 1621 777 1661 τεκὼν
804 1619 928 1671 θάψει
952 1619 1079 1660 τέκνα.

145 1691 215 1728 Χο.
242 1688 354 1730 οὗτος
378 1690 450 1739 μὲν
475 1687 546 1738 ἤδη
574 1688 692 1739 μητρὶ
725 1686 900 1736 κηδεύειν
924 1684 1048 1736 μέλει·

245 1754 295 1794 σὺ
320 1753 351 1793 δ’
379 1756 414 1794 εἴ
436 1770 473 1794 τι
499 1752 697 1806 πράσσειν
729 1756 806 1793 τῶν
831 1751 1096 1803 προκειμένων
1121 1752 1262 1798 θέλεις,

235 1819 396 1872 ”Εκτορ,
422 1819 603 1871 πάρεστι·
644 1823 729 1872 φῶς
760 1820 835 1870 γὰρ
860 1817 1005 1869 ἡμέρας
1030 1818 1130 1857 τόδε.
1417 1819 1478 1860 985

147 1889 215 1926 Ex.
245 1890 424 1939 χωρεῖτε,
453 1885 685 1940 συμμάχους
711 1884 744 1925 δ’
774 1885 1007 1934 ὁπλίζεσθαι
1032 1883 1153 1937 τάχος

244 1952 401 2006 ἄνωχθε
425 1955 603 2004 πληροῦν
630 1951 663 1992 τ’
693 1950 862 2005 αὐχένας
887 1950 1121 2003 ξυνωρίδων.

187 2047 250 2083 962
282 2045 492 2085 μελάγχιμον
528 2053 645 2084 apogr.
664 2055 671 2061 ·
706 2045 933 2083 μελαγχεῖμον
960 2043 1033 2073 LP
1207 2041 1272 2081 965
1307 2039 1479 2081 ὀφειλέτης

145 2088 299 2127 primitus
331 2087 356 2117 P
517 2088 582 2126 966
618 2087 766 2127 φαίνεται
796 2086 844 2116 P:
876 2096 961 2116 corr.
988 2091 1013 2126 p
1143 2085 1206 2124 968
1242 2086 1272 2116 ἐς
1300 2083 1354 2114 hic
1382 2084 1478 2114 codd.

144 2134 209 2171 969
234 2131 279 2163 ἔτ’
297 2131 379 2163 εἶσιν
399 2129 470 2162 ουδὲ
495 2129 695 2161 Kirchhoff:
719 2131 786 2162 οὔτ’
805 2129 865 2169 εἶμ
884 2130 947 2170 εγὼ
964 2131 1038 2161 ουτε
1055 2127 1235 2159 Wecklein
1335 2136 1399 2166 970
1422 2128 1480 2163 τῆς

148 2175 347 2213 Musgrave:
386 2174 479 2212 τῆσδ’
511 2174 610 2205 codd.
761 2182 826 2212 972
862 2173 992 2213 Βάκχου
1015 2171 1197 2213 προφήτης]
1222 2169 1294 2200 scil.
1321 2169 1480 2209 Orpheus

146 2218 222 2248 ὅστε
243 2217 282 2246 Ρ2
398 2227 464 2256 973
491 2218 611 2249 σεπτὸς
631 2216 709 2247 Chr.
728 2215 799 2246 Pat.
822 2216 914 2254 1776,
934 2216 1023 2254 quod
1042 2214 1134 2245 nihili
1151 2217 1203 2245 est
1315 2222 1379 2252 974
1403 2214 1481 2254 ῥᾳον

146 2260 378 2292 Valckenaer:
409 2261 501 2298 βαιὸν
521 2260 618 2291 codd.
638 2266 671 2291 et
689 2259 766 2290 Chr.
788 2258 858 2289 Pat.
875 2268 954 2297 1777
1061 2257 1240 2290 θαλασσίας
1259 2255 1338 2296 (V):
1364 2259 1480 2287 θ-αλασ

148 2303 217 2334 σίου
235 2303 260 2333 L
274 2303 300 2333 P
403 2312 467 2343 975
492 2304 550 2335 τὸν
569 2303 691 2340 ἐκείνης
711 2302 769 2343 (V)
869 2303 934 2340 976
959 2301 1088 2342 θρήνους
1104 2300 1129 2331 L
1143 2300 1169 2331 P
1258 2298 1311 2339 σὲ]
1331 2298 1361 2330 σ’
1381 2297 1478 2328 COdd·

148 2352 227 2384 gom.
250 2346 275 2375 L
292 2346 332 2385 P)
438 2347 504 2386 983
529 2347 629 2379 οὕτως
643 2346 704 2385 (V)
804 2344 871 2384 986
894 2345 921 2377 δ’
937 2344 1017 2386 (V):
1043 2344 1070 2376 θ
1089 2343 1153 2374 LP
1252 2343 1316 2382 987
1340 2342 1482 2382 πληροῦν

148 2389 177 2420 τ’
199 2388 258 2429 (V)
276 2400 283 2420 2
311 2391 436 2430 πληροῦ
452 2389 481 2420 τ’
501 2389 547 2420 L:
573 2387 726 2429 πληροῦτ’
744 2387 771 2418 Ρ
