1658 2740
353 257 432 298 TA
476 256 596 298 TOT
641 250 974 298 ΔΡΑΜΑΤΟΣ
1023 249 1320 299 ΠΡΟΣΩΠΑ

174 390 397 432 ΙοΚΑΣΤΗ
834 389 1003 429 ΚΡΕΩΝ

175 473 502 512 ΠΑΙΔΑΓΩΓΟΣ
832 470 1103 510 ΤΕΙΡΕΣῙΑΣ

172 554 434 592 ANTIFONH
836 551 1135 591 ΜΕΝΟΙΚΕὙΣ

172 634 346 673 ΧοΡοΣ
372 646 430 671 EK
455 631 744 674 ΦΟῙΝῙΣΣΩΝ
836 630 1068 671 ΑΓΓΕΛΟΣ

173 715 512 754 ΠοΛτΝΕῙΚΗΣ
835 710 1031 750 ΕΤΕΡΟΣ
1057 721 1270 750 ΑΓΓΕΛΟΣ

172 795 445 834 ΕΤΕΟΚΛΗΣ
833 788 1085 829 ΟιΔιΠοτΣ

213 912 311 942 Recti
329 911 455 942 ordinis
475 907 616 946 vestigia
642 906 786 937 servavit
806 905 837 935 M
857 904 913 944 qui
936 913 1100 944 personas
1124 903 1285 943 quasdam
1307 903 1449 935 omissas
1468 905 1502 935 in

169 956 315 988 secunda
335 955 446 995 posuit
466 953 623 983 columna
641 951 686 981 sic

385 996 536 1034 Ἰοκάστη
1013 990 1112 1032 κρέων

387 1038 591 1080 παιδαγωγός
1016 1035 1175 1075 τειρεσίας

387 1083 540 1124 ἆντιγόνη
1015 1078 1178 1117 μενοικεύς

386 1129 481 1169 χορὸς
499 1129 533 1158 ἐκ
551 1127 728 1165 φοινισσῶν

386 1173 527 1212 ἅγγελος
1015 1165 1170 1202 ἐτεοκλῆς

386 1215 493 1256 ἕτερος
511 1214 653 1254 ἄγγελος

385 1257 576 1295 πολυνεῖκης
594 1256 645 1288 καὶ
665 1254 801 1286 οἶδῖπους

212 1340 311 1371 Hunc
330 1337 481 1370 ordinem
500 1336 586 1367 male
604 1334 815 1375 interpretati
832 1332 863 1362 A
876 1331 903 1362 Β
917 1331 946 1361 V
959 1329 985 1360 P
1002 1329 1046 1360 ita
1064 1329 1171 1360 secuti
1194 1333 1273 1360 sunt
1293 1333 1330 1360 ut
1351 1328 1497 1370 ἷοκάστη.

167 1383 275 1425 κρέων.
300 1380 512 1423 παιδαγωγός.
542 1379 710 1421 τειρεσίας.
743 1376 907 1418 ἀντιγόνη.
935 1373 1108 1414 μενοικεύς.
1132 1373 1227 1415 χορὸς
1253 1375 1289 1405 ἐκ
1310 1376 1496 1421 <potum-‹5611-

167 1429 318 1468 ἄγγελος.
351 1426 520 1462 ἐτεοκλῆς.
549 1423 657 1464 ἕτερος
688 1423 841 1463 ἄγγελος.
870 1418 1071 1456 πολυνείκης.
1105 1417 1252 1449 οἷδὶπους.
1288 1417 1498 1458 scrlpserint,

166 1469 278 1510 parvis
295 1470 383 1500 inter
398 1478 435 1499 se
452 1465 688 1506 discrepantiis
706 1477 713 1495 :

211 1514 303 1555 χορὸς
320 1515 495 1553 φοινισσῶν
519 1512 677 1552 ’γυναικῶν
705 1508 755 1539 P:
788 1517 850 1538 om.
870 1506 922 1536 A:
947 1508 1042 1549 χορὸς
1073 1506 1108 1536 ἐκ
1138 1507 1314 1545 φοινισσῶν
1342 1507 1500 1546 ’γυναικῶν

166 1562 241 1596 post
260 1558 401 1598 ἄγγελος
418 1555 490 1586 trai.
513 1554 541 1584 B

209 1600 399 1638 πολυνείκης
415 1609 482 1631 om.
502 1597 529 1628 P

210 1646 372 1682 ἐτεοκλῆς,
395 1642 500 1683 ἕτερος
518 1641 660 1682 ἄγγελος
678 1649 741 1670 om.
764 1637 795 1668 A
808 1638 835 1668 Β

212 1687 358 1718 Iudicem
377 1690 482 1717 totum
499 1695 564 1716 om.
584 1684 611 1714 L

212 1796 308 1830 Acta
326 1806 409 1828 ann.
427 1801 506 1829 A.C.
527 1801 702 1838 411—409‚
719 1800 802 1839 post
820 1793 1098 1829 Andromedam
1115 1791 1214 1837 (412)
1232 1798 1315 1827 ante
1331 1792 1501 1827 Orestem

168 1841 280 1885 (408),
295 1841 418 1877 Schol.
436 1842 500 1876 Ar.
516 1842 607 1875 Ran.
623 1849 677 1885 53.
737 1842 845 1876 Plura
861 1853 972 1887 quam
991 1851 1086 1886 quae
1098 1851 1196 1874 nunc
1211 1839 1364 1875 definire
1380 1840 1497 1884 possi-

167 1901 247 1923 mus
267 1899 330 1934 per
348 1894 465 1922 totam
485 1888 650 1922 fabulam
674 1889 896 1934 interpolata
925 1900 1007 1923 esse
1029 1889 1077 1922 ab
1101 1886 1352 1928 histrionibus,
1378 1898 1427 1921 sc.
1452 1887 1500 1921 ab

168 1936 210 1970 iis
237 1936 297 1980 qui
327 1934 549 1970 phoeniss-‚as
586 1935 786 1971 identidem
824 1946 921 1970 saec.
955 1936 1006 1969 IV
1035 1941 1070 1969 et
1111 1935 1167 1968 ΙΙΙ
1204 1944 1361 1968 scaenae
1399 1944 1500 1968 com-

168 1983 342 2021 miserint,
365 1981 504 2026 primus
527 1982 619 2018 vidit
650 1983 904 2018 Valckenaer:
933 1982 978 2018 cf.
1005 1993 1098 2027 quae
1119 1981 1166 2015 ad
1191 1981 1267 2015 init.
1296 1980 1440 2015 Orestis
1465 1986 1501 2015 et

170 2030 248 2074 Iph.
272 2029 355 2064 Aul.
384 2029 642 2065 adnotavimus
671 2037 707 2065 et
736 2031 821 2065 CIA
851 2029 873 2064 ii
897 2038 978 2073 973,
998 2029 1059 2063 ubi
1084 2041 1117 2062 v.
1145 2037 1190 2071 30
1210 2028 1412 2062 Φοινίσσαις
1438 2025 1500 2072 Εὐ]

167 2076 300 2120 ριπίδου
319 2076 410 2110 coni.
427 2079 460 2121 J.
484 2078 531 2112 U.
559 2077 704 2111 Powell.

217 2123 372 2159 Codices
399 2125 438 2158 M
456 2126 488 2160 A
503 2125 532 2158 B
548 2126 581 2158 V
595 2126 623 2159 L
639 2127 682 2159 P:
716 2124 897 2159 accedunt
918 2123 990 2158 duo
1011 2128 1053 2162 H,
1075 2134 1125 2157 sc.
1143 2122 1240 2166 Pap.
1263 2121 1403 2166 anrlz.
1418 2130 1499 2164 224,

170 2171 373 2215 fragmenta
398 2184 456 2206 vv.
490 2180 700 2215 1017-1043
729 2178 763 2206 et
791 2170 894 2205 initia
916 2182 974 2204 vv.
1003 2170 1205 2212 1064—1071
1237 2169 1441 2211 continens,
1465 2174 1501 2202 et

170 2218 295 2252 tabula
318 2219 440 2263 lignea
467 2218 687 2253 Archiducis
713 2217 863 2252 Raineri
894 2218 1097 2261 (Inventar.
1120 2218 1192 2260 34),
1213 2228 1267 2249 vv.
1291 2222 1498 2258 1097-1107

170 2271 205 2299 et
234 2266 438 2309 1126—1137
463 2278 469 2300 :
500 2265 613 2300 etiam
639 2271 735 2299 testa
761 2275 856 2299 saec.
884 2272 966 2298 A.C.
996 2265 1031 2298 II
1063 2264 1098 2297 in
1128 2265 1260 2297 Museo
1288 2261 1500 2296 Britannico

171 2319 316 2346 servata
349 2313 407 2355 (cf.
444 2312 557 2346 Class.
589 2313 678 2345 Rev.
709 2320 811 2355 1904,
842 2323 875 2355 p.
903 2311 954 2355 2),
982 2323 1037 2344 vv.
1074 2309 1233 2352 107—118
1262 2315 1297 2343 et
1331 2309 1499 2351 128-139.

175 2361 271 2392 Raro
294 2366 543 2393 memorantur
563 2359 590 2391 F
604 2359 637 2392 O
652 2359 701 2391 H.
