1658 2740
622 126 970 164 ETPIHIAOT

131 240 306 270 EAENH

228 298 257 340 ὦ
284 302 356 340 παῖ
378 296 709 350 Κλυταιμήστρας
733 313 778 337 τε
801 296 863 336 καὶ
888 295 1188 348 Ἀγαμέμνονος,

227 365 397 417 παρθένε
422 364 571 417 μακρὸν
596 364 642 415 δὴ
668 366 790 415 μῆκος
813 362 1014 415 Ἠλέκτρα
1036 362 1197 415 χρόνου,

227 436 320 478 πῶς,
348 431 377 472 ὦ
402 431 583 478 τάλαινα,
611 432 662 472 σύ
685 447 730 472 τε
757 429 995 481 κασίγνητός
1018 445 1061 469 τε
1086 429 1158 470 σὸς

225 498 386 549 τλήμων
411 498 606 551 Ὀρέστης
629 496 774 550 μητρὸς
799 497 867 537 ὅδε
892 494 1037 548 φονεὺς
1063 495 1166 548 ἕχει;

227 565 564 618 προσφθέγμασιν
589 567 665 617 γὰρ
691 564 735 604 οὐ
759 564 963 615 μιαίνομαι
990 562 1121 608 σέθεν,
1413 572 1455 604 75

227 633 266 674 ἐς
292 635 447 683 Φοῖβον
473 631 731 684 ἀναφέρουσα
756 630 828 681 τὴν
854 630 1060 681 ἁμαρτίαν.

229 700 352 738 καίτοι
377 697 502 738 στένω
528 715 574 750 γε
599 698 667 738 τὸν
693 695 1028 748 Κλυταιμήστρας
1052 695 1187 747 μόρον,

226 767 320 816 ἐμῆς
345 766 532 817 ἀδελφῆς,
560 765 621 814 ἥν,
650 764 735 804 ἐπεὶ
762 763 857 815 πρὸς
876 762 1004 802 Ἴλιον

225 831 388 872 ἕπλευσ’
413 832 520 873 ὅπως
546 832 723 871 ἔπλευσα
753 832 939 880 θεομανεῖ
959 829 1109 882 πότμῳ,

226 898 294 938 οὐκ
320 898 435 944 εἶδον,
464 899 761 950 ἀπολειφθεῖσα
785 895 819 936 δ’
848 894 967 945 αἰάζω
992 896 1127 947 τύχας.
1415 899 1456 930 80

127 968 204 1005 HA.
225 964 382 1015 Ἑλένη,
409 965 449 1004 τί
472 981 538 1004 σοι
562 963 718 1016 λέγοιμ’
746 963 794 1004 ἂν
820 963 845 1003 ἅ
870 979 916 1014 γε
943 961 1108 1014 παροῦσ’
1133 961 1244 1016 ὁρᾷς,·

223 1029 279 1083 [ἐν
305 1035 554 1084 συμφοραῖσι
578 1030 646 1071 τὸν
672 1029 969 1083 Ἀγαμέμνονος
995 1025 1131 1080 δόμον]

223 1100 302 1150 ἐγὼ
326 1100 397 1148 μὲν
423 1097 569 1140 ἄυπνος
595 1097 786 1150 πάρεδρος
813 1097 937 1150 ἀθλίῳ
964 1099 1087 1150 νεκρῷ

221 1165 416 1217 --νεκρὸς
439 1166 515 1217 γὰρ
541 1164 654 1206 οὗτος
679 1165 820 1204 οὕνεκα
849 1164 1015 1214 σμικρᾶς
1041 1163 1220 1212 πνοῆς-

224 1231 378 1272 θάσσω·
415 1233 464 1272 τὰ
488 1231 628 1271 τούτου
653 1230 684 1270 δ’
709 1230 777 1270 οὐκ
807 1229 981 1279 ὀνειδίζω
1009 1227 1118 1269 κακά.
1416 1231 1456 1270 85

224 1299 274 1338 σὺ
299 1298 331 1337 δ’
358 1298 396 1338 εἶ
415 1299 586 1350 μακαρία
613 1297 802 1349 μακάριός
833 1295 866 1336 θ’
891 1297 911 1335 ὁ
938 1295 1008 1337 σὸς
1033 1296 1163 1337 πόσις.

222 1362 377 1417 [ἥκετον
403 1365 468 1417 ἐφ’
493 1365 593 1416 ἡμᾶς
619 1365 766 1405 ἀθλίως
796 1358 1063 1415 πεπραγότας]

125 1435 198 1472 Ελ.
225 1433 352 1472 πόσον
378 1432 523 1486 χρόνον
548 1431 580 1471 δ’
607 1433 650 1472 ἐν
675 1431 846 1482 δεμνίοις
873 1428 1051 1482 πέπτωχ’
1079 1429 1163 1475 ὅδε,-

126 1502 202 1539 Ηλ.
222 1498 267 1549 ἐξ
288 1499 406 1550 οὗπερ
432 1499 526 1549 αἷμα
551 1497 758 1550 γενέθλιον
786 1495 1017 1547 κατήνυσεν.

126 1569 197 1605 Ελ.
227 1565 255 1606 ὢ
279 1565 435 1616 μέλεος·
462 1566 484 1617 ἡ
510 1564 680 1606 τεκοῦσά
706 1564 752 1610 θ’,
783 1564 834 1606 ὡς
859 1563 1036 1603 διώλετο.
1415 1575 1458 1606 90

126 1636 204 1672 Ηλ.
222 1634 343 1674 οὕτως
369 1634 452 1686 ἔχει
476 1631 572 1678 τάδ’,
601 1631 696 1671 ὥστ’
723 1632 932 1688 ἀπείρηκεν
962 1633 1105 1671 κακοῖς.

127 1702 197 1739 Ελ.
225 1700 321 1751 πρὸς
348 1702 458 1744 θεῶν,
487 1698 605 1740 πίθοι’
631 1697 678 1738 ἂν
706 1697 803 1749 δῆτά
828 1698 899 1748 μοί
921 1714 970 1743 τι,
998 1695 1188 1748 παρθένε;

125 1769 204 1806 HA.
223 1767 273 1808 ὡς
299 1766 478 1819 ἄσχολός
502 1782 549 1818 γε
575 1766 772 1818 συγγόνου
801 1765 1029 1817 προσεδρίᾳ.

127 1836 198 1873 Ελ.
224 1834 355 1889 βούλῃ
392 1832 521 1885 τάφον
545 1848 612 1883 μοι
642 1831 739 1884 πρὸς
766 1829 1006 1883 κασιγνήτης
1031 1832 1189 1881 μολεῖιπ

127 1903 203 1940 HA.
221 1900 366 1952 μητρὸς
391 1899 565 1941 κελεύεις
594 1901 662 1949 τῆς
687 1900 800 1949 ἐμῆς;
840 1899 947 1938 τίνος
972 1896 1108 1949 χάριν;
1415 1905 1456 1936 95

168 1999 203 2029 71
235 1988 474 2030 κᾶγαμέμνονος
499 1987 596 2019 codd.
735 1997 774 2026 74
805 1987 874 2027 ἔχει
903 1986 1039 2018 Heath:
1075 1986 1133 2027 ἔφυ
1158 1986 1274 2018 codd.:
1304 1997 1334 2017 v.
1362 1985 1454 2017 delet

126 2033 309 2064 Kirchhoff
396 2043 434 2071 79
460 2033 542 2064 ὅπως
559 2036 582 2064 Σ
602 2034 653 2071 ζεῖ
671 2030 729 2069 1323
748 2042 754 2060 ι
780 2031 864 2062 ὅπως
883 2030 909 2062 δ’
924 2031 1020 2060 codd.
1113 2031 1151 2059 81
1179 2029 1198 2061 ἅ
1213 2043 1252 2070 ’γε
1269 2032 1318 2062 καὶ
1337 2029 1368 2059 Μ
1383 2029 1413 2059 Α
1426 2030 1453 2060 Β

123 2078 163 2106 82
187 2076 283 2117 γόνον
298 2076 395 2107 codd.
413 2082 446 2106 et
464 2080 487 2108 Σ
508 2078 584 2113 ζηοη
601 2073 871 2114 antiquissimus)
891 2086 897 2104 z
924 2073 1021 2113 δόμον
1037 2073 1236 2104 Kirchhoff:
1260 2074 1320 2103 sed
1338 2072 1454 2104 maluit

122 2131 152 2150 v.
171 2120 285 2151 delere
392 2120 434 2150 86
460 2119 490 2150 εῑ
505 2119 537 2149 Μ
550 2118 580 2148 A
594 2118 620 2148 Β
635 2118 660 2148 L
672 2123 722 2158 vp
734 2122 769 2156 Σ,
788 2128 854 2157 quo
874 2122 1014 2156 recepto
1031 2127 1062 2147 v.
1083 2117 1124 2155 87
1142 2116 1234 2147 delet
1249 2116 1429 2147 Wecklein
1447 2129 1454 2147 τ

123 2166 140 2201 ἡ
158 2163 188 2193 V
201 2163 249 2193 Pl
340 2164 380 2202 87
406 2163 524 2200 ἥκετον
541 2162 638 2193 codd.
658 2167 691 2192 et
708 2166 752 2195 Στ
773 2162 860 2198 ἥκεις
880 2160 1032 2191 Eustath.
1055 2159 1090 2191 ΙΙ.
1113 2171 1144 2200 p.
1166 2161 1236 2199 146,
1262 2170 1308 2199 12,
1328 2170 1360 2199 p.
1380 2160 1452 2198 809,

123 2209 175 2245 36.
196 2207 258 2238 Od.
277 2217 307 2246 p.
329 2207 419 2245 1856,
440 2215 477 2243 14
567 2206 609 2235 88
633 2207 660 2237 δ’
679 2207 712 2236 ἐν
730 2204 924 2243 Musgrave,
942 2204 982 2235 cf.
1000 2213 1042 2242 35
1059 2215 1065 2234 :
1091 2204 1125 2235 δὲ
1143 2204 1240 2234 codd.
1323 2202 1382 2234 ὧδε
1397 2203 1428 2232 Μ
1448 2215 1454 2234 :

124 2261 206 2281 corr.
223 2250 272 2279 ΜΞ
362 2251 404 2288 89
427 2249 461 2279 in
480 2253 573 2280 textu
591 2249 753 2279 omissum
772 2248 805 2277 in
824 2248 977 2286 margine
995 2248 1071 2277 add.
1093 2246 1125 2276 M
1216 2257 1255 2286 91
1283 2246 1454 2287 ἀπείρηκεν

127 2294 156 2323 M
177 2299 209 2324 et
226 2298 250 2326 Σ
266 2304 272 2323 :
299 2293 442 2333 ἀντ-εἴρηκ’
461 2294 494 2323 ἐν
512 2292 543 2321 Α
556 2291 582 2321 Β
598 2292 623 2321 L
640 2292 684 2322 P:
712 2291 867 2332 ἀπείρηκα
883 2291 913 2320 V
1014 2300 1058 2329 92
1082 2304 1114 2322 ’τι
1131 2299 1194 2322 om.
1213 2291 1244 2320 Α
1347 2299 1388 2329 93
1414 2291 1454 2321 ὡς

125 2338 269 2408 coddBc}
289 2341 311 2369 Σ
329 2348 334 2366 :
360 2338 409 2367 ὅσ’
429 2335 642 2365 Herwerden
744 2335 932 2376 προσεδρείᾳ
950 2333 979 2363 V
1079 2343 1120 2373 94
1146 2333 1344 2374 κασιγνήτας
1359 2332 1390 2362 Α
1403 2331 1428 2361 Β
1446 2345 1452 2363 :

124 2390 204 2410 corr.
259 2393 268 2397 -
